2354 3998
254 382 290 434 70
307 436 310 451 ‚
958 385 983 448 8,
995 387 1018 431 3.
1030 387 1045 432 4
1055 386 1114 432 Letr.

197 532 200 536 “
248 534 442 602 »Candidum
465 536 593 619 dicitur,
616 539 719 604 altera
741 561 823 622 quae
848 545 899 603 est
921 539 955 603 in
979 535 1063 603 ciri·
1104 565 1115 608 1

255 641 349 705 naoia
371 642 505 726 regione
528 642 820 724 quamllicontem
842 652 973 709 vocant.
1103 669 1116 714 a

160 745 231 813 8,13
322 744 447 809 Plinius
478 742 651 810 Secundus
679 753 854 833 postquam
877 746 918 809 in
948 753 1063 829 quarto
1104 772 1117 816 a

256 847 412 913 naturalis
428 849 582 914 historiae
598 849 681 914 libro
698 849 738 914 de
753 846 855 913 ltalia
875 849 1064 934 scripserat,
1104 878 1118 923 4

255 953 354 1037 paulo
377 960 453 1035 post
475 952 515 1016 de
538 954 643 1018 insula
659 951 793 1018 Corsica
815 952 895 1017 haec
912 953 1062 1037 scripsit:
1105 980 1118 1024 5

255 1054 290 1117 in
308 1053 479 1141 Ligustico
503 1057 584 1120 mari
606 1065 656 1122 est
676 1054 822 1137 Corsica,
847 1078 945 1139 quam
961 1055 1064 1122 Greci
1105 1081 1118 1125 o

257 1154 390 1222 Cirinon
414 1159 632 1243 appellavere,
661 1158 720 1224 sed
743 1158 853 1224 Tusco
877 1159 1022 1244 propior,
1045 1181 1065 1222 a
1107 1182 1119 1226 r

256 1262 476 1346 septentrione
506 1262 539 1326 in
568 1262 735 1328 meridiem
767 1263 930 1347 proiecta,
965 1262 1065 1348 longa
1105 1289 1119 1334 s

255 1389 412 1451 passuum
436 1386 501 1434 ccx
521 1367 619 1448 milia,
642 1368 708 1432 lata
730 1367 851 1431 maiore
868 1365 1008 1430 circuitu
1024 1379 1064 1429 ex
1107 1398 1119 1438 9

256 1480 350 1555 parte
373 1490 506 1538 cccxxv
529 1470 607 1550 mil,
636 1470 728 1535 abest
757 1494 777 1534 a
799 1469 890 1534 vadis
914 1467 1065 1533 Volater·
1091 1496 1120 1545 10

195 1623 196 1629 κ
256 1574 346 1638 ranis
370 1595 448 1641 Lxlr.
503 1573 651 1638 civitates
679 1573 777 1638 habet
793 1593 897 1641 xxxn
920 1580 954 1635 et
976 1571 1065 1636 colo·
1091 1603 1118 1646 11

256 1675 338 1741 nias.
1092 1703 1121 1748 12

324 1779 424 1845 Jdem
446 1788 521 1863 post
542 1801 648 1864 pauca
671 1779 766 1844 dicit:
790 1778 942 1846 Sardinia
957 1780 1065 1844 miuus
1094 1812 1122 1855 13

257 1890 332 1947 octo
362 1882 449 1945 milia
483 1903 638 1966 passuum
667 1906 687 1946 a
715 1881 870 1949 Corsicae
900 1883 1065 1948 extremis.
1093 1911 1123 1956 14

256 1985 343 2049 idem
366 1997 441 2070 post
464 2007 582 2069 pauca:
612 1984 762 2052 Sardinia
791 1986 832 2051 ab
862 1987 986 2051 oriente
1003 2010 1066 2070 ,pa-
1094 2018 1122 2063 15

257 2097 330 2155 tens
364 2109 501 2157 ccxxxu
535 2088 613 2170 mil,
652 2088 693 2153 ab
733 2079 909 2155 occidente
940 2111 1062 2158 cmv.
1092 2120 1123 2164 10

296 2401 305 2443 l
328 2397 413 2460 altera]
430 2399 531 2445 alteram
549 2396 626 2445 Solia.
702 2400 744 2444 12
764 2397 896 2460 Cirinscia]
913 2399 948 2444 rie
966 2397 1065 2455 Walclc,

258 2469 377 2519 cirenacia
396 2468 452 2524 PV,
477 2469 594 2515 cirenatia
611 2471 643 2525 D,
668 2468 804 2528 Cyrenaica
822 2468 890 2515 Letr.
910 2483 962 2513 cam
981 2468 1066 2515 Soliao

258 2539 273 2583 2
299 2552 370 2596 quam
394 2552 439 2584 om.
463 2538 539 2584 Solia.
589 2538 598 2583 ΙΙ
643 2539 793 2599 Phycuntem
816 2540 884 2585 Letr.
909 2553 960 2584 cum
980 2537 1066 2585 Selino

259 2611 274 2655 3
294 2606 390 2667 quarto]
407 2609 478 2655 tertio
498 2609 565 2654 Lair.
666 2611 681 2654 4
707 2610 760 2656 itali
781 2610 855 2671 (corr.
877 2609 946 2655 italia
964 2608 996 2670 P)
1016 2611 1069 2655 DP

259 2679 274 2724 8
294 2679 319 2724 ln
331 2679 456 2738 Ligustico
466 2705 483 2713 -
496 2681 526 2724 la
546 2679 669 2742 colonias]
687 2678 749 2726 Plio.
761 2680 785 2738 3,
798 2681 830 2726 80
904 2682 919 2726 7
949 2677 1067 2741 Giriuou]

258 2747 357 2810 Cyrnon
381 2749 448 2795 Letr.
468 2765 519 2796 cam
537 2749 616 2796 Plinio
652 2751 662 2796 ll
696 2753 808 2811 proprior
829 2751 881 2796 DP
969 2750 1069 2814 llccx]

259 2832 291 2866 cn
309 2819 373 2866 Plio.
407 2819 416 2865 ll
447 2819 525 2883 milia]
541 2823 576 2867 rio
595 2820 693 2876 Waloa,
728 2817 805 2868 millia
822 2820 899 2877 Lair,
930 2836 975 2867 om.
994 2821 1066 2867 codd.

260 2890 274 2935 9
303 2893 342 2936 10·
362 2892 453 2937 maiore
484 2893 587 2939 circuitu
611 2907 643 2940 ex
670 2889 754 2953 parte]
780 2893 873 2938 maiore
900 2905 933 2939 ex
956 2898 1026 2951 parte
1051 2906 1068 2937 u

259 2962 361 3007 circuitu
378 2963 445 3007 Lair.
465 2977 517 3007 cum
528 2961 608 3011 Plinio
665 2964 696 3008 10
716 2963 767 3009 mil.
786 2975 831 3006 om.
850 2961 919 3008 codd.
958 2963 989 3008 13
1011 2962 1069 3008 Sar·

259 3031 352 3079 dinia-
367 3034 397 3077 14
416 3030 545 3093 extremis]
563 3031 626 3079 Plio.
641 3033 671 3088 3,
691 3033 724 3079 83
855 3034 886 3078 14
915 3031 998 3094 milia]
1021 3034 1068 3078 mi·

257 3101 324 3148 libus
344 3103 409 3148 Letr.
429 3116 480 3148 cam
497 3101 577 3148 Plinio
636 3103 666 3148 15
696 3103 915 3161 Sardinia-ll,2
935 3101 979 3164 cc]
1001 3103 1067 3150 Plio.

258 3171 283 3230 8,
298 3173 330 3218 al
380 3176 410 3220 lc
430 3171 548 3235 ccxxxii]
565 3186 699 3221 ccxxxvnr
715 3172 780 3220 Plio.
799 3172 809 3218 11
822 3179 880 3232 port
897 3185 984 3220 ccxxv
1003 3174 1071 3232 apud

257 3243 362 3290 Plinium
382 3243 484 3306 legitur:
508 3259 523 3290 a
540 3245 640 3291 meridie
660 3258 749 3292 cxxvu
767 3244 842 3302 milia,
868 3257 884 3290 a
901 3246 1069 3304 septentrione

259 3325 329 3360 cxxv
