2430 3998
28 363 51 430 d,
64 371 77 417 3
89 371 151 418 Letr.
854 367 886 422 81

43 546 57 591 1
84 525 175 597 nives
197 524 317 589 etenim
340 522 568 609 et-grandiues
590 545 628 588 ac
648 522 776 608 pluviae
790 511 888 608 atque

40 651 58 697 a
84 630 242 708 tonitrua,
268 627 468 710 fulminaque
494 650 561 691 nou
584 626 766 693 ascendunt
788 650 808 691 a
829 650 890 691 nu-

39 757 57 802 s
84 733 181 798 bibus
204 730 263 798 sed
286 753 415 816 semper
443 730 484 796 de
503 730 653 796 nubibus
676 729 890 797 descendunt.

37 853 58 898 4
84 839 119 902 in
143 860 181 901 eo
205 833 294 920 quod
316 835 437 916 innuit,
468 834 558 918 quod
585 833 724 899 eductus
744 835 787 898 ‘in
811 836 891 900 rici·
915 839 968 909 tf!
1001 821 1003 825 ’

40 953 57 1000 t
86 941 173 1005 niam
189 939 312 1003 lunaris
336 939 449 1004 circuli
471 938 558 1004 ultra
573 938 685 1003 nubila
699 949 798 1024 caput
815 962 892 1004 con·

42 1057 58 1101 6
87 1043 136 1108 dit
158 1066 222 1127 qua
245 1041 286 1106 ad
310 1064 468 1108 oceanum
495 1041 692 1123 extenditur,
721 1043 891 1108 manifesto
953 1100 971 1117 ,

44 1164 58 1208 7
86 1148 218 1212 instruit
231 1145 265 1210 in
281 1145 443 1229 aliquibus
459 1147 567 1232 pinnis
578 1145 769 1210 Athlautem
786 1154 893 1212 trans-

43 1271 60 1315 8
88 1251 225 1316 cendere
248 1247 350 1314 nubes
374 1272 511 1334 quarum
535 1250 658 1313 circum
678 1249 892 1315 lateranives

45 1372 60 1417 a
86 1363 251 1437 tamquam
281 1375 434 1418 coronam
467 1353 575 1418 facere
608 1361 700 1436 puto.
754 1360 787 1417 et
817 1375 893 1423 cum

28 1479 62 1525 ιο
88 1457 243 1524 isidorus
266 1457 369 1523 tacuit
390 1457 483 1520 illum
505 1458 643 1520 transire
666 1456 763 1520 altius
790 1455 893 1522 nubes

28 1582 62 1626 11
89 1561 178 1646 quod
200 1560 256 1625 vix
280 1559 408 1625 excedit
430 1561 518 1645 ipsas
547 1559 705 1638 existimo.
753 1582 792 1624 ac
815 1559 894 1624 dum

30 1687 62 1732 11
90 1664 200 1730 Julius
225 1664 380 1728 verticem
408 1665 478 1728 eius
507 1663 634 1729 niveam
665 1685 793 1747 semper
822 1685 893 1728 esse

33 1790 64 1836 13
90 1770 283 1854 scripserat,
314 1768 347 1831 in
382 1768 543 1852 aliquibus
575 1767 680 1853 plagis
715 1765 894 1850 altitudinis

35 1894 66 1940 14
90 1874 142 1939 sui
170 1871 377 1937 inferioribus
406 1870 582 1957 praedictis
609 1870 738 1935 nivibus
767 1893 896 1956 semper

34 1996 65 2040 15
89 1976 158 2063 tegi
197 1986 407 2042 monstratur.
467 1998 551 2059 quae
591 1973 655 2039 duo
696 1976 826 2040 climata
861 1975 895 2038 in
939 1985 955 2038 9

35 2101 66 2146 16
91 2089 206 2165 quarto
230 2078 395 2144 Aeneidos
418 2078 578 2164 Virgilius
601 2077 744 2143 ostendit
766 2080 872 2144 aiens:

35 2204 66 2249 17
137 2181 206 2247 Jlla
227 2182 329 2245 fretus
354 2184 421 2268 agit
445 2190 559 2246 ventos
582 2192 615 2244 et
636 2180 768 2244 turbida
789 2190 898 2260 tranat
925 2206 936 2247 1

36 2309 66 2354 18
136 2285 276 2350 Nubila:
300 2307 438 2368 namque
462 2284 574 2349 volans
598 2284 724 2368 apicem
748 2292 781 2348 et
796 2284 898 2349 latera
923 2310 937 2354 a

36 2409 67 2455 19
510 2424 512 2429 ·
584 2376 693 2451 ardua⁰
709 2386 813 2451 cernit

35 2510 67 2556 20
104 2525 107 2530 «
137 2493 306 2558 Athlantis
330 2491 414 2575 duri,
438 2493 561 2557 caelum
583 2490 639 2576 qui
654 2490 774 2555 vertice
795 2491 899 2573 fulcit,
925 2511 939 2556 a

36 2616 67 2664 11
137 2596 306 2661 Athlantis
342 2597 484 2679 cinctum
513 2596 643 2662 assidue
675 2596 736 2660 cui'
756 2594 899 2661 nubibus
926 2617 941 2661 4
1036 2598 1037 2601 ’

35 2724 68 2769 aa
583 2699 660 2761 atris

134 2886 145 2931 1
166 2883 274 2946 pluviae]
291 2884 387 2942 pulviae
405 2883 429 2927 D
499 2884 513 2928 2
533 2882 654 2926 tronitrua
672 2882 696 2925 D
715 2880 724 2924 ΙΙ
741 2879 902 2942 fulminaque]

95 2957 130 3001 sic
152 2956 177 3011 V,
207 2956 332 3013 fluminaq3
349 2953 406 3010 DP,
443 2953 547 2998 fulmina
565 2951 622 2997 editi
718 2953 732 2996 3
761 2949 860 2997 nulibus
883 2951 905 2997 V

97 3028 112 3070 4
132 3023 223 3087 innuit]
240 3026 274 3069 eie
289 3025 314 3081 V,
334 3024 423 3070 imbuit
440 3022 528 3082 reliqui
578 3024 594 3068 4
615 3022 629 3067 ὅ
650 3022 740 3068 uicinia
757 3021 778 3066 V
824 3023 837 3069 5
858 3035 902 3067 nn-

96 3094 158 3139 bilia
176 3096 200 3139 D
273 3097 286 3141 7
306 3094 430 3140 Atlantem
451 3095 515 3139 Lctr.
592 3095 620 3139 11
642 3091 696 3153 vix]
714 3092 797 3152 nixV
824 3091 834 3136 ΙΙ
860 3107 903 3139 ex-

98 3164 170 3209 cedat
187 3163 244 3209 edici
353 3166 383 3209 16
406 3163 528 3212 Aeneidos
546 3164 570 3221 1,
585 3163 707 3210 215-251
746 3161 757 3207 ΙΙ
791 3161 862 3220 nirgl’
885 3162 907 3208 V

101 3236 132 3281 17
151 3235 318 3280 dila-tranat
335 3237 422 3293 repetit
439 3237 463 3281 D
537 3238 568 3281 18
588 3236 686 3293 iamque
704 3234 771 3279 Letr.
790 3232 800 3277 ΙΙ
817 3233 904 3278 uolens

99 3307 176 3365 (corr.
194 3306 280 3351 uolans
298 3303 336 3369 P)
354 3307 408 3352 ΒΡ
484 3307 516 3351 2⁰
530 3311 553 3352 et
567 3307 597 3352 21
618 3296 725 3351 Atlantis
743 3303 809 3349 Letr.
829 3309 852 3348 et
870 3305 904 3349 ric

94 3390 173 3435 porro

746 3475 759 3517 6
829 3524 831 3528 .
