2430 3998
372 307 409 360 30
1115 301 1125 352 t

279 477 352 546 ms
442 460 543 526 Jdem
564 458 676 524 Julius
698 460 731 522 in
754 458 870 523 eodem
886 456 999 520 libro:
1028 454 1068 518 de
1091 455 1125 519 Ti

375 586 506 648 quoque
535 563 645 628 dicere
673 563 737 627 hoc
767 562 840 625 loco
868 584 928 644 par
954 569 1016 624 est.
1060 560 1094 622 in
1120 613 1125 622 .

374 669 524 732 moeniae
545 668 679 752 regione
702 677 804 751 caput
821 666 909 730 tollit
927 665 1009 728 mire
1024 685 1121 746 quam

376 770 503 852 cidum,
525 773 706 856 conspicuo
727 771 836 850 fonte,
861 769 898 832 in
918 768 994 832 looo
1016 766 1105 830 edito

377 874 500 959 Egelos
522 876 723 954 nominatur,
752 896 815 939 nec
843 873 886 937 ab
912 870 1045 936 exordio
1074 879 1125 935 sta

376 987 467 1041 totus
489 988 551 1041 est.
588 979 729 1064 primum
752 979 846 1063 pigre
868 975 942 1040 fluit
962 997 1028 1039 uon
1050 997 1110 1039 suo

377 1080 475 1159 mine,
498 1090 533 1157 at
554 1104 628 1146 cum
651 1081 733 1146 lines
749 1080 945 1145 Moedorum
959 1080 1109 1143 invectus
1123 1111 1125 1127 π

378 1184 489 1269 Tigris
511 1186 620 1248 statim
645 1185 781 1250 dicitur:
812 1187 859 1249 ita
880 1184 1049 1247 nominant
1069 1181 1125 1246 Mo

303 1297 339 1352 25
379 1288 542 1373 sagittam.
572 1287 679 1354 influit
692 1291 727 1354 in
742 1289 942 1353 Arethusam
956 1287 1125 1350 lacumom

379 1390 527 1474 pondera
541 1392 765 1474 sustinentem,
781 1393 873 1456 cuius
886 1393 998 1475 pisces
1007 1410 1125 1472 numqu

381 1515 417 1557 se
440 1495 532 1558 alveo
554 1495 665 1580 Tigris
686 1497 841 1574 miscent,
868 1495 955 1559 sicut
982 1514 1044 1557 nec
1067 1514 1125 1559 anu

380 1597 488 1681 pisces
503 1597 538 1659 in
553 1606 708 1683 stagnum
722 1608 895 1663 transeunt
909 1595 1106 1676 Arethusae,

374 1722 479 1783 ,quam
495 1699 646 1766 dissimili
660 1700 769 1766 colore
788 1711 822 1765 et
834 1700 963 1765 volucri
976 1707 1064 1763 meat
1078 1720 1125 1761 cut

382 1825 458 1867 mox
472 1804 583 1868 Tauro
605 1806 774 1869 resistente
789 1805 823 1867 in
838 1802 1039 1888 protundum
1053 1824 1125 1887 spec

382 1908 550 1992 mergitur,
571 1928 668 1989 quem
689 1908 913 1973 subterlabeus
934 1908 969 1971 in
992 1906 1095 1970 altero
1119 1930 1125 1968 t

382 2010 486 2074 latere
507 2009 595 2094 apud
617 2012 745 2075 Aroma
766 2010 918 2091 demicat,
943 2010 1034 2095 algas
1057 2017 1091 2073 et
1112 2033 1125 2094 1

384 2123 537 2200 gamenta
564 2114 704 2198 plurima
731 2137 842 2179 secum
875 2115 1019 2178 trahens.
1072 2112 1126 2177 dei

384 2217 563 2282 identidem
585 2217 799 2282 absconditur
825 2240 1004 2301 rursusque
1031 2216 1126 2282 reddi

386 2320 575 2386 Adiabenos
593 2320 786 2405 Arabasque
801 2320 1013 2406 praeterfluit,
1032 2320 1125 2385 Meso

386 2423 520 2487 tamiam
547 2423 767 2508 amplectitur,
797 2448 929 2489 amnem
955 2425 1125 2490 uobilissin

427 2588 438 2628 1
460 2583 490 2628 de
509 2583 630 2643 Tigri-p.
642 2586 709 2643 31,1
729 2584 829 2646 accipit]
846 2585 924 2632 Solia.
937 2586 980 2644 37,
993 2589 1018 2634 5.
1033 2589 1048 2633 6
1091 2589 1106 2632 2
1123 2594 1125 2632 ε

388 2654 482 2711 metriae
497 2653 590 2700 VLetr.
603 2654 751 2701 ramsolas
823 2658 841 2702 5⁴
857 2657 950 2717 Elegea
966 2659 1033 2706 Lotr.
1046 2659 1125 2704 camd

391 2725 537 2784 tpygreD
575 2725 734 2775 ‘Illedorum
745 2726 803 2772 editi
838 2729 949 2789 8tygris
965 2729 987 2774 V
1001 2730 1011 2776 ll
1027 2727 1072 2790 ito]
1083 2729 1119 2775 ita

389 2793 467 2840 Solia.
487 2795 496 2840 ΙΙ
513 2795 580 2842 Medi
598 2796 656 2842 editi
718 2796 872 2844 9Aretisam
885 2798 962 2845 Solia.
1023 2802 1052 2844 ll
1074 2804 1125 2860 tygr

390 2865 500 2925 Tigridis
517 2866 595 2913 Solio.
623 2866 634 2912 ll
659 2867 759 2930 amnici]
776 2869 875 2914 aminici
894 2870 963 2916 codd.
1037 2871 1068 2915 12
1088 2872 1125 2917 Ar<

392 2934 470 2980 Solia.
562 2939 593 2984 13
614 2938 740 2984 dissimilis
759 2937 834 2984 Solia.
927 2942 958 2986 16
983 2942 1092 2988 Zomada
1109 2954 1125 2985 e

392 3005 460 3051 Letr.
479 3019 531 3050 cum
548 3006 632 3053 Soliao
656 3007 665 3052 ΙΙ
688 3005 766 3069 algas]
784 3010 837 3054 uias
856 3009 989 3071 (suprascr.
1007 3011 1049 3058 nel
1067 3012 1125 3069 algo

392 3077 448 3122 nias
464 3075 524 3134 DV,
552 3077 622 3123 ulvas
643 3078 710 3123 Letr.
729 3093 781 3124 cam
800 3078 884 3126 Solito
970 3084 1001 3128 18
1030 3083 1123 3128 abscon

392 3148 428 3192 aio
445 3145 506 3203 DV,
538 3147 667 3194 abscondit
684 3163 709 3194 ss
731 3150 755 3194 P
771 3149 828 3195 editi
903 3154 933 3198 19
961 3148 1112 3211 Adiabenos]

394 3218 492 3332 mellei)
501 3217 556 3332 I131⁷
589 3218 599 3264 ll
633 3218 774 3278 Arabasque
798 3222 947 3280 praeterfluit
964 3229 1022 3281 post
1044 3223 1124 3281 ample

390 3300 449 3344 P⁰⁷t=
533 3337 535 3343 .
