2430 3998
293 297 312 349 4

295 451 360 531 fui,
389 450 486 515 nimis
515 471 534 512 a
561 446 776 532 scriptoribus
806 446 994 511 ultimorum
1023 454 1108 511 tem·
1151 470 1160 513 1

295 577 412 640 porum
436 551 594 637 dissipata
616 549 774 636 praevidi.
1149 569 1162 614 2

212 631 277 755 P¹3⁰¹'
364 654 539 722 Sermones
568 653 699 738 quidem
723 653 965 738 praedictorum
990 653 1108 717 misso-
1149 673 1162 718 3

247 841 249 844 y
296 785 380 841 rum,
403 759 478 843 quia
501 758 596 822 nimie
618 758 734 822 vitiose
757 757 870 843 scripti
891 766 979 838 suut,
1001 779 1107 841 quan·
1149 775 1162 818 4

295 873 367 940 tum
388 871 505 949 potero
530 862 693 948 corrigere
718 860 850 926 curabo.
1149 885 1162 930 5

236 965 255 1017 4
364 967 412 1030 At
445 966 501 1030 ubi
534 965 692 1030 inlibris
726 963 825 1028 Plinii
844 960 998 1029 'Secundi
1032 985 1107 1027 cor·
1149 986 1162 1030 t

296 1078 411 1155 ruptos
435 1069 558 1152 absque
588 1054 686 1133 dubio
710 1087 861 1133 numeros
889 1067 959 1132 fieri
982 1089 1107 1153 cogno·
1150 1087 1162 1130 7
1193 1155 1194 1160 η

266 1214 270 1221 2
296 1196 394 1254 vem,
427 1172 499 1237 loca
529 1195 640 1255 eorum
668 1195 772 1237 vacua
798 1172 928 1236 interim
958 1172 1029 1234 fore
1057 1171 1106 1235 fa-
1149 1189 1162 1232 8

295 1278 393 1359 ciam,
416 1286 463 1358 ut,
487 1276 514 1341 si
537 1299 603 1343 non
619 1277 773 1346 invenero
791 1284 881 1340 certa
897 1274 1108 1359 exemplaria,
1149 1289 1162 1334 e

297 1383 495 1466 quicumque
525 1372 708 1465 reppererit
735 1378 895 1445 emendet.
946 1400 1021 1441 nam
1051 1377 1109 1441 ubi
1135 1391 1163 1435 rc

295 1483 490 1548 dubitavero
515 1484 624 1547 utrum
648 1484 729 1547 certi
751 1504 812 1546 nec
829 1505 868 1546 ne
885 1482 950 1546 sint
969 1483 1108 1562 numeri,
1135 1498 1162 1541 11

293 1587 383 1654 sicut
405 1595 514 1653 certos
539 1585 711 1668 erassabo,
741 1596 777 1650 ut
805 1585 992 1671 praedictus
1017 1586 1108 1670 quis·
1135 1599 1163 1644 12

298 1695 371 1777 quis
395 1712 489 1756 veros
513 1688 630 1753 viderit
653 1690 811 1754 veraciter
834 1677 987 1776 corrigat,
1134 1701 1164 1745 13

235 1795 255 1850 5
364 1793 459 1858 Nulli
482 1802 648 1878 stuporem
672 1792 826 1878 praebere
843 1793 951 1872 debet,
975 1792 1108 1876 quando
1134 1807 1164 1852 14

297 1919 452 1969 numerus
481 1896 605 1960 milium
632 1896 724 1986 inter
744 1895 888 1960 Plinium
917 1894 1108 1984 Secundum
1135 1911 1164 1958 ru

298 2013 332 2066 et
359 1999 476 2064 missos
505 1985 712 2085 imperetoris
742 1998 901 2064 dissentit.
952 2001 1108 2084 quoniam
1134 2023 1165 2068 re

296 2103 356 2186 illi,
378 2103 464 2168 sicut
487 2103 644 2189 praedixi,
667 2102 756 2188 quod
778 2102 935 2168 intentius
951 2127 1028 2174 vere
1044 2105 1109 2171 hoc
1135 2126 1166 2170 1⁷

296 2230 382 2296 opus
404 2207 614 2293 perfecerunt
635 2230 732 2293 quem
753 2217 892 2289 veteres,
913 2215 1085 2272 testantur.
1135 2225 1166 2270 18
1214 2215 1215 2232 l

236 2317 256 2369 6
360 2388 362 2391 v
398 2310 426 2375 I.
462 2303 503 2376 de
526 2313 668 2397 Europa.
1135 2332 1166 2376 19

379 2414 424 2479 II.
460 2414 502 2478 de
524 2415 617 2478 Asia.
1134 2433 1167 2478 co

365 2515 427 2581 111.
464 2514 506 2580 de
530 2515 653 2581 Africa.
1135 2535 1167 2579 21

337 2801 354 2846 4
372 2797 456 2861 nimie]
472 2801 507 2845 rie
524 2799 624 2857 Wclok„
644 2801 724 2848 minue
744 2801 814 2847 codd.
898 2803 914 2849 δ’
934 2807 1037 2862 potuero
1055 2800 1080 2848 D
1092 2802 1116 2849 V

299 2872 317 2917 6
339 2873 353 2917 7
373 2876 503 2930 corruptus
521 2871 591 2917 codd.
683 2873 715 2918 lo
735 2871 877 2934 reppererit]
894 2875 929 2919 rie
940 2873 993 2920 DP
1008 2872 1110 2932 Walok„

299 2942 417 3000 repererit
440 2941 507 2986 Letr.
545 2941 555 2986 ΙΙ
587 2943 686 2987 emende
709 2943 731 2988 V
820 2943 851 2988 12
881 2948 959 2990 certos
987 2942 1113 3006 erassabo]

296 3012 336 3057 cie
359 3009 438 3067 codd„
475 3015 555 3056 certor
577 3014 704 3060 cruciabor
732 3012 832 3072 Walok„
875 3019 983 3061 caeteros
1008 3015 1112 3062 censebo

296 3081 379 3138 Hace,
397 3078 544 3140 Requefort‚
564 3081 632 3128 Letr.
729 3085 761 3130 12
782 3086 814 3132 18
841 3085 981 3143 praedictus
1000 3087 1113 3144 quisquis

298 3165 373 3199 veros
381 3149 479 3213 viderit]
488 3151 510 3197 si
520 3153 631 3211 quisquis
641 3154 743 3201 meliore
752 3154 904 3214 exemplario
913 3157 1041 3213 invenerit.
1048 3157 1072 3213 6,
1084 3158 1112 3202 1.

302 3225 336 3270 13
356 3235 415 3269 uero
435 3223 511 3282 (corr.
520 3236 564 3282 pr.
576 3238 639 3270 man.
653 3225 733 3286 ueros)
746 3226 771 3272 D
833 3227 864 3272 15
884 3225 989 3290 milium]
1006 3230 1042 3273 ric
1057 3229 1082 3275 D
1092 3228 1117 3274 V

304 3291 408 3350 Walelr„
427 3293 535 3340 millium
552 3294 635 3351 Letr.,·
654 3300 677 3340 et
694 3298 729 3342 rie
745 3309 822 3354 porro
879 3298 911 3342 17
930 3299 1056 3356 praedixit
1073 3299 1099 3345 D
