2430 3998
39 342 50 356 -
72 317 173 366 3Lstr.
354 325 361 328 “
844 320 877 374 25

46 473 322 560 magnitudiniS,
351 475 393 537 ut‘
413 473 467 551 vix
485 468 551 536 ¹eas
579 472 704 536 dierum
735 475 877 560 quinque

47 595 185 643 cursus
218 586 451 663 praetermeet‚
486 576 634 659 quamvis
659 578 808 642 oonoitus
831 579 877 643 ibi

46 678 203 749 feratur.
238 679 443 746 nobilissima
465 702 576 758 earum
600 688 650 744 est
664 680 791 763 Meroe,
816 682 878 744 oir-

50 803 144 849 oum
167 789 266 868 quam
289 783 411 849 divisus
428 783 561 849 dextero
585 783 677 849 alveo
693 773 877 868 Astisapes,

49 881 142 952 levo
165 887 348 952 Astabores
375 888 593 952 nominantur.
644 898 724 952 tuno
747 908 877 971 quoque

52 1009 221 1059 emensus
248 1013 367 1076 magna
397 990 593 1076 longinqua,
628 1013 702 1057 oum
736 993 877 1075 primum

54 1093 318 1159 ooourrentibus
361 1094 506 1178 seopulis
549 1104 735 1179 asperatur,
777 1095 876 1159 tantis

55 1198 255 1284 agminibus
278 1196 443 1261 extollitur
469 1198 554 1263 inter
582 1199 714 1264 obiecta
738 1198 877 1282 rupium,

57 1311 107 1365 ut
141 1324 235 1365 ruere
271 1300 378 1385 potius
413 1322 514 1384 quam
543 1323 673 1365 manare
709 1300 876 1364 credatur:

61 1402 268 1488 demumque
298 1427 318 1468 a
352 1412 516 1468 cataracte
548 1403 661 1470 ultimo
695 1413 787 1468 tutus
817 1413 875 1467 est.

59 1504 115 1571 ita
146 1508 231 1572 enim
261 1506 421 1590 quaedam
451 1507 593 1583 claustra
621 1508 690 1573 eius
718 1504 970 1593 Aegyption

63 1618 274 1694 nuncupant.
313 1610 428 1675 relicto
451 1603 561 1677 tamen
583 1612 646 1676 hoo
668 1632 753 1696 pone
770 1620 805 1674 se
820 1632 878 1673 uo·

63 1717 173 1797 mine,
197 1712 284 1798 quod
308 1713 398 1779 Giris
422 1725 573 1797 vocatur,
602 1739 678 1780 mox
699 1713 877 1784 inoffensus

63 1828 166 1886 meat.
217 1826 343 1902 septem
373 1818 464 1882 ostiis
493 1817 659 1899 conditur,
686 1817 721 1881 iu
749 1825 878 1900 septen·

63 1923 209 1986 trionem
234 1942 347 1985 versus
370 1921 531 2007 excipitur
552 1922 719 2008 Aegyptio
743 1920 834 1986 mari.

115 2022 333 2106 ,Quanquam
366 2025 400 2087 iu
437 2023 530 2088 libris
566 2023 702 2090 alieuius
737 2023 877 2095 auctoris
922 2031 954 2085 12

63 2127 212 2193 fluminis
229 2127 300 2192 Nili
323 2135 448 2212 partem
463 2127 665 2215 inflRubrum‘
686 2151 774 2192 mare
791 2127 878 2191 exire

63 2252 277 2315 nequaquam
302 2228 462 2317 legimus,
492 2238 599 2294 tamen
630 2230 794 2293 affirmans
823 2229 879 2292 Fi·

64 2335 152 2401 delis
176 2335 277 2399 frater
300 2357 371 2399 meo
394 2333 550 2418 magistro
567 2330 711 2398 Suibneo
736 2332 879 2396 narravit

65 2461 190 2528 eoram
204 2453 256 2502 me
279 2437 368 2520 (oui,
398 2437 427 2500 si
454 2427 577 2521 profeci
601 2435 773 2520 quioquid,
801 2445 878 2520 post
894 2462 976 2541 m

63 2541 168 2606 deum
190 2542 351 2624 imputo),
380 2540 470 2623 quod
498 2538 698 2605 adorationis
721 2561 821 2604 eausa
843 2539 877 2602 in
906 2524 974 2571 *i

103 2755 119 2798 2
141 2765 214 2798 cursu
224 2750 303 2798 Solia.
376 2754 392 2798 4
411 2749 545 2812 Astosapes
557 2751 643 2807 Solia„
663 2741 796 2808 Astosapes
808 2752 876 2796 Letr.

64 2827 82 2872 ὅ
104 2822 241 2870 Astaboras
259 2823 326 2867 L'etr.
345 2819 354 2865 ΙΙ
370 2823 510 2868 nominatur
521 2813 601 2866 Solia.¹
646 2823 660 2867 7
680 2820 786 2879 soopolis
798 2818 876 2882 (corr.

59 2890 187 2952 seopulis)
201 2893 223 2937 P
239 2891 248 2939 ΙΙ
264 2894 340 2939 tantis
358 2906 403 2937 om.
421 2893 444 2938 P
497 2893 540 2938 78
560 2892 699 2951 agminibus
715 2892 789 2938 tentis
807 2891 874 2937 Letr.

64 2967 100 3010 10
122 2961 255 3024 cataracte]
273 2966 367 3009 ceraste
386 2962 440 3007 DV
494 2964 524 3007 12
544 2963 591 3008 hoo
609 2976 672 3020 pone
691 2959 727 3024 ss]
743 2964 777 3008 aio
790 2961 875 3019 Solia„

60 3029 99 3082 ια’
115 3036 207 3093 ponere
224 3046 249 3078 se
268 3033 345 3089 codd„
383 3034 430 3078 hoo
448 3035 533 3093 priors-
546 3046 590 3079 suo
609 3033 676 3079 Letr.
751 3033 782 3078 le
803 3030 878 3092 Giris]

59 3103 152 3165 Nigris
171 3101 248 3148 Solia.
328 3104 359 3149 l4
378 3101 457 3163 ostiis]
474 3105 509 3149 sio
521 3117 586 3150 corr.
600 3104 655 3150 Pet
667 3103 731 3160 editi,
761 3102 877 3148 ostendiis

61 3175 138 3232 codd.
163 3171 173 3219 ΙΙ
198 3174 303 3220 ereditur
318 3173 339 3219 V
357 3172 367 3216 ΙΙ
389 3174 415 3218 in
433 3186 478 3218 om.
498 3173 555 3218 editi
629 3174 660 3218 14
682 3174 712 3219 15
733 3173 877 3229 septentrio·

59 3242 140 3306 nem]
158 3244 281 3290 meridiem
300 3242 377 3289 Solia.
471 3245 500 3290 15
525 3249 582 3301 post
600 3256 684 3288 versus
702 3241 759 3287 editi
778 3241 833 3286 odd.
853 3246 877 3286 et

64 3318 102 3362 20
124 3312 250 3376 quiequid]
266 3315 302 3359 aio
319 3313 380 3369 PV,'
396 3319 449 3358 erat
467 3314 587 3373 quidquid
660 3313 691 3357 21
713 3308 811 3357 causam
830 3311 880 3357 PV
