2430 3998
282 306 298 361 8
1026 306 1153 370 1,3Letr.

208 479 259 550 1,ss
350 462 454 528 ltalia
483 462 596 528 finitur
629 459 669 524 ab
699 461 836 526 oriente
855 464 943 528 mne
972 461 1096 546 Ponto,
1140 489 1150 531 1

284 566 325 632 ab
355 563 526 631 occidente
552 563 694 649 Alpibus
723 573 756 628 et
784 564 915 629 flumine
939 565 1045 646 Tam,
1076 589 1096 630 a
1138 591 1151 634 a
1198 588 1199 591 ’

283 671 510 756 septentrione
521 667 601 731 mari
614 666 784 733 Adriatico
795 675 828 731 et
838 666 970 733 flumine
982 669 1095 751 Arsia,
1138 692 1151 736 a

284 797 304 840 a
326 771 461 839 meridie
483 771 565 836 mari
587 771 802 856 Tyrrhenica.
840 771 1014 859 longitudo
1038 772 1096 842 de·
1137 799 1151 843 4

283 861 349 943 cies
372 884 514 958 centum,
542 874 682 949 latitudo
706 895 844 955 ccccxx,
873 899 939 960 qua
961 870 1112 941 eontra?
1138 899 1150 943 i

282 981 371 1047 hitur
382 999 438 1061 Lx,
453 980 543 1045 iuxta
558 979 699 1044 Plinium
711 977 900 1069 Secundum
916 981 951 1044 in
966 980 1092 1045 eodem.
1137 1001 1151 1046 6

243 1096 259 1150 9
350 1084 452 1150 ltalia
487 1082 563 1148 dein
599 1083 805 1168 primumque
839 1084 909 1148 eius
942 1084 1093 1169 Liguria,
1138 1104 1152 1148 7

283 1211 360 1255 mox
382 1187 531 1267 Etruria,
557 1184 715 1267 Umbria,
736 1185 885 1251 Latium:
914 1186 960 1251 ibi
982 1186 1094 1272 Tybe—
1138 1206 1151 1250 8

282 1291 353 1356 rina
376 1291 460 1359 ostia
483 1299 515 1359 et
530 1289 637 1375 Roma
656 1298 816 1355 terrarum
837 1299 937 1375 caput
954 1311 1013 1379 xvi
1032 1291 1094 1354 mi·
1138 1307 1152 1351 a
1203 1321 1205 1365 r

279 1386 363 1460 lium
385 1418 542 1482 passuum
565 1394 736 1460 intervallo
759 1418 779 1458 a
800 1393 892 1458 mari.
930 1392 1093 1460 Volscum
1121 1415 1152 1459 ιο

282 1508 399 1584 postea
420 1500 496 1564 litus
518 1509 550 1571 et
568 1495 760 1583 Campania:
784 1497 993 1563 Picentinum
1013 1496 1093 1562 inde
1123 1521 1151 1567 11

284 1624 324 1666 ac
345 1585 517 1667 Lucanum
539 1601 781 1683 Brutumque,
809 1623 873 1684 quo
899 1601 1092 1687 longissime
1123 1625 1152 1668 12

284 1706 319 1771 in
342 1705 510 1771 meridiem
533 1705 574 1769 ab
597 1704 732 1790 Alpium
752 1728 837 1790 pene
859 1705 980 1770 lunatis
1004 1705 1092 1791 iugis
1122 1724 1152 1769 13

283 1809 319 1885 in
345 1810 447 1875 maria
474 1809 618 1873 excurrit
646 1807 757 1872 ltalia.
811 1808 852 1873 ab
865 1853 868 1857 »
882 1831 920 1873 eo
944 1807 1092 1874 Greciae
1121 1833 1153 1876 14

284 1935 358 1994 ora,
382 1935 459 1977 mox
481 1909 654 1993 Salentini,
676 1911 854 1993 Pedueuli,
876 1911 1006 1996 Apulii,
1028 1911 1092 1976 Pe·
1123 1937 1152 1982 ro

322 2111 334 2153 1
356 2120 422 2153 mara
440 2105 529 2168 Ponto]
546 2107 607 2154 mari
625 2107 699 2153 Jonio
717 2107 785 2153 Lair.
867 2109 882 2153 2
902 2107 976 2170 Taro]
993 2111 1028 2155 a'c
1040 2110 1094 2155 DP

288 2176 388 2235 Wclok.‚
407 2182 457 2224 tare
475 2176 500 2236 V,
519 2176 584 2224 Varo
603 2178 669 2223 Late.
743 2180 759 2224 4
778 2179 933 2239 tyrrhennieo
947 2180 970 2224 D
990 2179 1089 2239 Waielo„

282 2250 415 2298 nnhenico
438 2248 460 2294 V
545 2250 605 2295 4-6
633 2247 904 2312 longitudo-eodem]
926 2254 1091 2299 contentiores

282 2326 338 2373 aaut
349 2322 441 2366 numeri
453 2317 523 2380 infra
535 2321 574 2378 (6,
591 2319 624 2365 18
633 2323 700 2380 sqq.)
714 2334 726 2365 a
737 2319 817 2366 Plinio
830 2319 939 2381 ollepati.
978 2323 992 2366 t
1009 2324 1023 2368 6
1032 2329 1091 2380 post

197 2393 210 2416 ⁰
283 2405 392 2436 numeros
410 2391 468 2437 editi
486 2391 577 2436 addunt
594 2406 627 2436 m.
646 2406 670 2449 p.
731 2392 744 2437 7
764 2390 891 2450 italia-p.
905 2393 927 2448 9,
943 2395 957 2439 3
977 2391 1092 2454 Liburni]

284 2459 317 2520 ef.
337 2460 401 2508 Plin.
415 2460 439 2514 3,
453 2461 487 2506 38
583 2463 597 2508 7
623 2459 844 2522 dein-Liguria]
862 2463 950 2509 dehinc
968 2464 1090 2522 primique

285 2531 464 2589 eiuo‘Ligures.
491 2530 556 2577 Plin.
647 2533 661 2577 8
691 2536 716 2577 et
732 2533 808 2577 truria
830 2532 886 2578 DV
918 2532 928 2578 t
961 2535 1049 2580 umbra
1071 2534 1093 2579 V

285 2600 300 2648 8
321 2603 335 2648 9
360 2599 493 2662 Tyberina]
509 2603 544 2647 sic
562 2600 618 2648 DV
636 2594 742 2659 Woicqu'
773 2603 903 2661 tyberiana
922 2603 999 2662 (corr.
1018 2605 1088 2664 tybe-

284 2668 347 2732 rina)
364 2671 392 2728 P,
412 2670 528 2718 Tiberiua
544 2672 611 2717 Letr.
667 2673 681 2717 9
704 2674 735 2723 10
755 2673 849 2720 milium
866 2673 952 2720 aalma·
969 2690 981 2720 e
999 2675 1088 2721 Plinio.

286 2743 318 2788 10
337 2740 480 2788 Volscorum
502 2743 568 2788 Lair.
586 2757 638 2805 cum
656 2741 736 2789 Plinio
802 2746 832 2789 11
853 2739 1088 2805 Οειηραηίαοὶειν.

284 2827 336 2858 omn
353 2811 442 2859 Plinio.
535 2813 566 2859 12
594 2810 638 2875 ae]
655 2815 687 2859 ad
710 2813 755 2859 Vll
778 2813 955 2877 Brutuumqno]
973 2817 1088 2863 brutuum

284 2897 331 2941 que
348 2883 380 2939 D,
408 2884 535 2930 bruttuum
553 2898 600 2942 que
617 2884 673 2943 PV,
703 2884 862 2944 Brutiumque
885 2886 985 2944 Waua,
1018 2887 1089 2934 Brut-

283 2955 393 3011 tiumque
412 2955 479 3000 Letr.
499 2968 551 3000 eum
569 2953 650 3001 Plinio
705 2957 737 3002 18
757 2955 829 3018 pane]
845 2957 892 3004 fine
916 2957 1007 3004 Walok.
1026 2959 1036 3003 11
1052 2959 1089 3006 Ια-

283 3021 359 3083 natis]
375 3025 410 3068 aie
428 3025 493 3085 editi,
520 3024 621 3072 lucratis
640 3025 699 3082 DV,
727 3027 815 3074 lutatis
833 3028 856 3073 P
946 3030 978 3075 14
1003 3027 1090 3091 italia]

281 3096 317 3141 sic
336 3093 399 3149 editi,
419 3095 503 3141 italiae
522 3096 577 3151 ΒΡ,
597 3095 665 3159 italie
683 3096 704 3141 V
719 3097 729 3142 11
745 3095 786 3163 eo]
801 3099 836 3143 aio
847 3098 924 3155 Lete„
945 3113 990 3158 ego
1010 3100 1088 3158 codd„

282 3163 351 3224 Egeo
369 3163 461 3211 Wolck.
479 3165 489 3212 ΙΙ
507 3164 620 3228 Greeiaa]
631 3169 665 3213 sic
677 3167 729 3226 ΒΡ,
750 3169 829 3228 grecia
847 3169 872 3226 V,
893 3168 1011 3217 Graeciae
1023 3171 1087 3228 editi,

283 3240 306 3281 et
323 3236 358 3281 oio
368 3244 459 3292 porro.
552 3239 582 3285 15
607 3236 677 3300 mox]
693 3253 787 3285 morum
811 3239 833 3286 V
856 3239 866 3285 ΙΙ
892 3239 1004 3288 Pediouli
1021 3242 1088 3287 Lena

281 3318 334 3353 crim
350 3304 432 3353 Plinio
