2430 3998
24 109 47 176 i,
67 123 113 170 11.
126 126 156 170 ra
166 124 231 172 uon.
865 127 899 181 59
984 186 987 191 ἱ
1076 120 1081 123 ’

32 293 59 340 >1
92 278 301 366 fastigiatam.
357 274 464 344 tertia¹
485 280 560 344 huic
594 281 757 365 prosimat
786 262 900 346 eodem

42 399 62 442 2
91 383 234 464 nomine,
257 382 346 447 nuda
368 405 426 468 per
448 383 564 458 omnia.
605 394 722 468 quarto
746 385 819 449 loco
836 383 900 449 Ca-

45 487 200 572 epraria
226 485 424 572 appellatur,
453 487 639 553 enormibus
667 488 797 553 lacertis
825 489 899 573 plus
1090 502 1093 505 '

44 604 190 674 4quam
214 590 295 654 aliae
318 578 446 654 referta.
499 591 645 674 sequitur
667 591 804 656 Nivaria
827 597 901 658 aire
925 601 995 667 7,44
1074 646 1076 649 .

47 706 61 751 5
88 694 249 760 nebuloso
273 703 306 758 et
323 704 443 760 coacto
463 715 506 758 ac
521 703 693 779 propterea
711 716 839 780 semper
851 697 900 760 ni·
952 680 955 681 ⁷
998 762 1001 764 ,

46 815 62 858 s
88 798 183 864 valis.
219 797 337 862 deinde
349 795 490 863 Carraria
505 798 630 883 repleta
646 797 780 864 canibus
796 800 901 865 forma

47 900 469 991 ⁷.eminentissimis,nunde
485 901 582 966 etiam
599 900 663 965 duo
676 899 811 968 exhibiti
823 914 900 970 sunt

45 1006 61 1072 a
88 1005 116 1072 J
118 1006 201 1070 ubae
236 1005 315 1093 regi.
373 1006 406 1071 in
448 1028 485 1069 ea
523 1005 761 1073 aedificiorum·
782 992 901 1073 durant

46 1131 60 1174 a
88 1110 240 1196 vestigia.
284 1109 399 1174 avium
415 1128 534 1195 magua
557 1109 661 1194 copia,
685 1132 818 1176 nemora
840 1136 899 1197 po-

30 1232 61 1278 10
88 1213 216 1293 misera,
239 1215 381 1298 palmeta
394 1213 536 1277 cariotas
551 1213 700 1294 ferentia,
716 1214 818 1279 multa
833 1239 899 1280 nux
938 1202 941 1207 ⁸
988 1252 991 1257 2

28 1332 59 1379 11
88 1316 199 1404 pinea,
222 1316 311 1402 larga
326 1317 479 1398 mellatio,
500 1339 611 1381 amnes
629 1317 736 1382 siluris
754 1318 899 1402 piscihus

28 1435 60 1483 12
89 1420 328 1485 habundantes.
345 1478 347 1481 .
365 1421 538 1506 perhibent
549 1421 650 1484 etiam
667 1421 812 1506 expuiin
829 1445 900 1487 cam

27 1541 62 1588 ra
78 1520 219 1589 ‘undoso
243 1526 324 1588 mari
348 1524 501 1590 belluas:v
517 1523 634 1596 deinde
653 1547 732 1593 oum
757 1533 900 1589 monstra

24 1643 62 1690 14
89 1627 147 1692 illa
175 1651 249 1692 cum
277 1628 450 1712 putredine
479 1628 640 1693 tabefacta
669 1638 762 1710 sunt,
792 1629 901 1693 omnia

24 1745 63 1794 15
89 1731 158 1795 illic
183 1731 269 1796 infici
292 1740 375 1795 tetro
392 1731 508 1796 odore:
532 1731 671 1817 ideoque
687 1755 752 1796 nou
768 1733 899 1818 penitus

24 1854 63 1900 rs
91 1834 134 1899 ad
157 1837 430 1920 nuncupationem
452 1836 502 1899 sui
525 1857 705 1922 congruere
720 1836 899 1901 insularum

24 1959 64 2006 17
91 1938 291 2022 qualitatem.
683 1952 686 1953 ’
829 1944 831 1947 ’

24 2060 65 2109 rs
157 2042 311 2119 Jsidorus
338 2043 372 2106 in
395 2062 452 2110 xii.
477 2042 757 2129 ethimologiarum
787 2042 898 2107 codice

24 2154 65 2210 [s
92 2146 132 2212 de
166 2147 293 2211 foenice
327 2170 391 2224 ,ave
426 2145 568 2210 Arabiae
603 2146 748 2232 scripsit:
788 2146 911 2231 foenix>

125 2353 142 2395 ⁴2
163 2348 216 2411 per]
228 2362 303 2410 prope
316 2349 379 2405 editi,
400 2349 535 2396 omsSolin.
585 2352 601 2397 4
621 2352 683 2398 aliae
696 2366 740 2396 om.
754 2348 895 2396 DVSolin.
924 2384 925 2387 η

91 2421 208 2468 llinuaria
232 2420 253 2464 V
351 2422 365 2466 t
393 2422 511 2475 neboloso
536 2427 616 2476 [corr.
642 2421 759 2468 nebuloso
782 2422 818 2472 Pl
849 2421 900 2467 ΒΡ

93 2495 107 2540 8
128 2492 262 2540 durandum
280 2491 300 2536 V
374 2493 403 2553 10
432 2491 547 2554 cariotas]
564 2495 598 2538 sic
612 2495 635 2538 D
648 2494 670 2549 V,
697 2492 801 2538 cariores
820 2491 896 2552 (corr.

92 2558 196 2622 cariora)
214 2563 242 2618 P,
271 2558 383 2621 caryotas
402 2562 459 2607 editi
477 2577 528 2608 cum
547 2562 630 2608 Selino
649 2563 659 2607 ll
679 2564 801 2609 feritantia
820 2562 896 2607 Solia.

95 2637 122 2680 11
134 2624 136 2628 ’
150 2634 230 2692 pimea
250 2631 388 2693 (suprascr.
408 2633 480 2679 aliter
496 2626 585 2694 rubra)
607 2635 628 2678 P
652 2633 662 2678 ll
691 2633 760 2692 larga
779 2631 898 2694 mellatio]

91 2705 171 2751 mellis
194 2703 364 2750 habundantia
386 2717 464 2762 murq.
483 2703 505 2749 P
528 2703 558 2748 alr
579 2703 632 2751 ulio
649 2719 733 2761 manu,
756 2709 783 2748 at
805 2703 897 2749 ridetur

94 2778 123 2822 12
148 2772 334 2835 habundantes]
351 2776 385 2819 sic
404 2773 431 2830 P,
463 2775 616 2821 abundantes
639 2774 726 2835 reliqui
744 2775 795 2820 cum
813 2773 896 2819 Selino
939 2778 957 2812 4

91 2847 101 2894 ll
114 2850 139 2893 in
158 2843 222 2906 eam]
238 2859 308 2892 neam
327 2845 348 2890 V
454 2847 484 2890 14
514 2860 568 2892 cum
592 2862 637 2891 om.
657 2847 722 2892 Letr.
743 2861 794 2891 cum
813 2843 896 2890 Selino

95 2921 124 2965 17
145 2913 304 2977 qualitatem]
323 2915 427 2973 qualiter
449 2916 518 2962 codd.
541 2962 562 2971 ,
615 2919 646 2965 18
675 2914 898 2976 ethimologiarum]

91 2991 125 3033 sic
135 2989 160 3044 V,
175 2987 411 3046 aethymologiarum
421 2980 448 3042 P,
468 2989 694 3048 aethimologiarum
708 2988 741 3044 I),
761 2985 897 3046 ethymolo-

92 3061 185 3118 giarum
205 3059 272 3103 Lata
344 3058 373 3102 19
387 3056 501 3119 toeniae]
518 3049 561 3105 'aio
584 3059 663 3115 codd„
692 3058 809 3117 phoenice
829 3056 900 3102 Letr,
979 3049 985 3063 '

92 3129 130 3179 tio
149 3136 172 3175 et
190 3128 380 3186 insequentibus
410 3126 420 3172 ΙΙ
447 3130 630 3187 foenix-60,9
650 3125 763 3188 resurgit]
776 3127 838 3173 Jsr'd.
854 3128 895 3183 11,

92 3199 115 3245 7.
127 3201 161 3246 22
237 3199 267 3248 19
299 3197 393 3259 foenix]
420 3203 478 3248 enix
501 3200 522 3245 V
