2354 3998
66 383 193 448 &sueta
899 385 931 436 11

87 563 98 606 1
126 538 281 607 circuitus
309 540 379 605 eius
402 559 523 609 nexu
553 539 637 603 alias
663 538 704 603 ab
732 537 848 602 Africa
870 535 933 602 Ca·

84 663 99 707 a
125 642 263 707 ralitano
286 643 510 727 promuntorio
532 664 583 712 ce.

75 764 99 808 a
162 809 164 811 ,
192 746 215 811 J
218 771 239 810 11
266 747 351 810 libro
380 746 766 833 ethimologiarumxlnl.
814 743 854 813 de
883 743 932 807 in·
956 760 1029 829 &15

82 870 98 914 4
121 850 198 923 „sula
220 849 371 917 Sardinia
394 851 442 916 sic
465 852 622 936 scriptum
646 860 712 914 est:
741 847 865 915 Sardus
890 847 930 912 ab

81 971 95 1016 o
124 944 472 1039 Hercule'pmcreatus
493 976 568 1018 cum
589 973 708 1039 magna
723 951 931 1016 multitudine

81 1073 100 1132 s
123 1081 142 1121 a
164 1057 261 1122 Libia
290 1058 456 1143 profectus
485 1054 667 1123 Sardiniam
698 1055 871 1140 occupavit
898 1063 931 1118 et

81 1179 96 1221 a
123 1183 163 1224 ex
187 1183 247 1226 suo
263 1162 423 1227 vocabulo
438 1162 563 1226 insulae
579 1183 696 1247 nomen
713 1158 812 1241 dedit.
847 1159 930 1224 haec

78 1286 95 1329 8
121 1263 155 1327 in
184 1265 300 1330 Africo
334 1266 417 1331 mari
449 1266 533 1331 facie
568 1262 709 1350 vestigii
730 1263 862 1328 humani
896 1263 930 1326 in

80 1391 94 1435 a
121 1371 279 1434 orientem
308 1393 405 1454 quam
434 1370 467 1433 in
497 1368 699 1435 occidentem
728 1355 826 1432 latior
855 1388 929 1450 pro-

47 1493 94 1565 ¹ro
121 1472 232 1553 minet,
255 1473 356 1538 ferme
364 1506 369 1521 „
380 1474 512 1558 paribus
533 1471 689 1558 lateribus
711 1471 844 1556 quaein
860 1493 927 1549 me-

62 1595 93 1637 ri
119 1574 234 1639 ridiem
265 1585 297 1640 et
323 1578 577 1662 septentrionem
604 1586 744 1641 vertunt.
791 1599 832 1640 ex
860 1597 926 1657 quo
954 1598 957 1599 ⁷

61 1700 93 1745 12
120 1688 194 1744 ante
218 1682 447 1745 commercium
462 1702 481 1744 a
497 1680 725 1767 navigantibus
743 1677 926 1744 Grecorum

62 1803 93 1850 ia
120 1781 228 1855 debus
253 1784 415 1870 appellata
437 1795 497 1852 est.
543 1795 631 1856 terra
653 1783 800 1869 patet-in
823 1783 925 1869 longi-

61 1911 93 1955 14
120 1887 268 1952 tudinem
291 1890 358 1955 mil.
381 1909 456 1970 exn,
483 1890 517 1952 in
539 1888 744 1953 latitudinem
766 1909 842 1956 XL..

61 2013 91 2057 15
189 1990 212 2055 J
216 2003 249 2066 ta
264 1991 305 2083 ab
318 1993 342 2058 J
343 1994 420 2056 talia
437 1992 480 2057 id.
493 2003 545 2058 est
562 2017 582 2057 a
596 1992 688 2058 vadis
700 1991 925 2057 Volaterranis

59 2120 91 2164 16
117 2116 221 2176 usque
237 2096 278 2158 ad
291 2094 460 2160 Corsicam
476 2097 542 2160 mil.
555 2117 640 2173 Lx11‘3
657 2097 830 2183 longitudo
844 2094 925 2161 Cor·

59 2227 91 2272 17
116 2197 205 2263 sicae
224 2219 307 2277 ειη
329 2198 370 2262 ab
394 2200 545 2263 extremis
570 2199 632 2269 hoc
656 2210 707 2265 est
728 2225 748 2265 a
769 2220 924 2286 promun-
947 2277 948 2280 Ἴ

58 2329 90 2372 18
116 2302 199 2366 torio
224 2300 395 2375 Corsicae
409 2324 513 2386 usque
540 2304 582 2368 ad
605 2303 787 2370 Sardiniam
815 2306 924 2368 minus

57 2432 89 2477 19
116 2426 213 2487 quam
231 2426 309 2486 v1113
326 2406 464 2472 latitudo
480 2404 650 2472 Sardiniae
666 2432 684 2472 a
700 2409 923 2498 septentrione

55 2535 88 2579 20
114 2507 148 2571 in
171 2518 317 2575 austrum
340 2533 400 2590 xL;
424 2536 445 2575 a
467 2509 618 2577 Sardinia
640 2519 744 2597 usquc
768 2513 809 2578 ad
832 2512 922 2577 Afri-

34 2629 87 2687 ‘21
104 2634 186 2675 cam
219 2633 270 2682 cc.
332 2637 432 2698 quae
449 2618 557 2682 omnia
590 2618 712 2704 pariter
747 2608 922 2682 coniuncta

152 2905 164 2948 1
191 2902 262 2965 alias]
280 2905 350 2951 abest
367 2905 432 2952 Plio.
543 2911 554 2953 1
577 2908 591 2952 2
621 2908 737 2955 ruralitar'r
757 2909 813 2966 DP,
832 2910 920 2955 carali·

113 2979 189 3021 tanon
206 2973 224 3019 V
271 2977 285 3021 3
305 2976 527 3041 ethimologiarum]
535 2978 607 3037 υἱοῖς
627 2980 854 3039 aethimologiarum
865 2980 917 3037 ΒΡ,

113 3047 316 3106 etymologiarum
335 3048 402 3092 Latr-
484 3050 499 3094 4
519 3049 637 3101 Sardus·
649 3053 680 3096 14
699 3049 743 3113 nn]
760 3051 824 3096 Jrr'd.
838 3052 880 3108 14,
894 3053 917 3097 6.

113 3115 202 3162 sam
286 3119 352 3164 4ab
372 3132 416 3164 om.
436 3119 502 3165 Jrid.
590 3120 693 3182 dlybia
710 3121 780 3168 codd.
816 3121 827 3166 ll
862 3137 919 3181 pro·

112 3192 192 3234 tectus
204 3187 277 3235 codd.
334 3190 460 3236 doriente
479 3197 501 3236 et
518 3193 645 3239 occidente
661 3191 725 3237 Jsr'd.
781 3193 812 3239 18
832 3190 922 3254 Jchus]

112 3256 179 3327 ἴχνος
196 3258 268 3316 laid„
287 3260 381 3307 Johnus
399 3262 465 3306 Letr.
490 3262 508 3307 t
525 3268 563 3309 est
580 3279 624 3309 cm.
643 3263 706 3310 Jra'd.
765 3264 845 3309 1314
864 3263 918 3312 Ιοιι-

111 3329 223 3387 gitudine
241 3335 264 3374 et
280 3330 413 3378 latitudine
429 3332 559 3379 PVJaid.
669 3336 700 3382 16
729 3334 784 3384 mil„
799 3348 844 3381 cm.
864 3336 923 3382 DV

110 3397 121 3444 ll
134 3397 196 3461 nxu]
214 3413 286 3447 uxxu
304 3403 327 3448 P
399 3404 430 3450 17
444 3411 503 3463 port
521 3417 572 3450 ccx
590 3405 648 3451 editi
666 3407 721 3454 add.
743 3407 795 3469 mil.
