<?xml version="1.0" encoding="UTF-8"?>
<!DOCTYPE html PUBLIC "-//W3C//DTD XHTML 1.0 Transitional//EN"
    "http://www.w3.org/TR/xhtml1/DTD/xhtml1-transitional.dtd">
<html xmlns="http://www.w3.org/1999/xhtml" xml:lang="en" lang="en">
 <head>
  <title>
</title>
<meta http-equiv="Content-Type" content="text/html;charset=utf-8" />
  <meta name='ocr-system' content='tesseract 3.04.00' />
  <meta name='ocr-capabilities' content='ocr_page ocr_carea ocr_par ocr_line ocrx_word'/>
</head>
<body>
  <div class='ocr_page' id='page_1' title='image "./dicvililiberdem00dicugoog_0048.png"; bbox 0 0 2430 3998; ppageno 0'>
   <div class='ocr_carea' id='block_1_1' title="bbox 44 305 919 412">
    <p class='ocr_par' dir='ltr' id='par_1_1' title="bbox 44 305 919 412">
     <span class='ocr_line' id='line_1_1' title="bbox 44 305 919 412; baseline 0 -12"><span class='ocrx_word' id='word_1_1' title='bbox 44 348 74 412; x_wconf 86' lang='lat' dir='ltr'><strong>e,</strong></span> <span class='ocrx_word' id='word_1_2' title='bbox 87 350 102 396; x_wconf 77' lang='lat' dir='ltr'><strong>a</strong></span> <span class='ocrx_word' id='word_1_3' title='bbox 116 349 184 395; x_wconf 68' lang='lat' dir='ltr'><strong>ner.</strong></span> <span class='ocrx_word' id='word_1_4' title='bbox 272 305 274 311; x_wconf 58' lang='grc'><em>’</em></span> <span class='ocrx_word' id='word_1_5' title='bbox 886 347 919 400; x_wconf 76' lang='lat'><strong>27</strong></span> 
     </span>
    </p>
   </div>
   <div class='ocr_carea' id='block_1_2' title="bbox 1 500 1014 2962">
    <p class='ocr_par' dir='ltr' id='par_1_2' title="bbox 62 500 1014 1623">
     <span class='ocr_line' id='line_1_2' title="bbox 69 500 1014 588; baseline 0.003 -24"><span class='ocrx_word' id='word_1_6' title='bbox 69 526 84 570; x_wconf 86' lang='lat'>1</span> <span class='ocrx_word' id='word_1_7' title='bbox 114 523 251 566; x_wconf 80' lang='lat' dir='ltr'>acumen</span> <span class='ocrx_word' id='word_1_8' title='bbox 267 500 402 566; x_wconf 86' lang='lat' dir='ltr'><strong>habent.</strong></span> <span class='ocrx_word' id='word_1_9' title='bbox 432 513 507 588; x_wconf 89' lang='lat' dir='ltr'><strong>post</strong></span> <span class='ocrx_word' id='word_1_10' title='bbox 523 502 603 568; x_wconf 82' lang='lat' dir='ltr'><strong>haec</strong></span> <span class='ocrx_word' id='word_1_11' title='bbox 618 501 804 588; x_wconf 80' lang='lat' dir='ltr'><strong>praedictus</strong></span> <span class='ocrx_word' id='word_1_12' title='bbox 819 502 921 567; x_wconf 85' lang='lat' dir='ltr'><strong>frater</strong></span> <span class='ocrx_word' id='word_1_13' title='bbox 945 519 971 587; x_wconf 75' lang='lat' dir='ltr'><strong>t,</strong></span> <span class='ocrx_word' id='word_1_14' title='bbox 982 523 1014 576; x_wconf 75' lang='lat'><strong>16</strong></span> 
     </span>
     <span class='ocr_line' id='line_1_3' title="bbox 69 605 921 692; baseline 0.002 -25"><span class='ocrx_word' id='word_1_15' title='bbox 69 630 85 675; x_wconf 79' lang='lat'>2</span> <span class='ocrx_word' id='word_1_16' title='bbox 113 618 216 668; x_wconf 87' lang='lat' dir='ltr'><strong>unum</strong></span> <span class='ocrx_word' id='word_1_17' title='bbox 237 605 323 669; x_wconf 86' lang='lat' dir='ltr'><strong>latus</strong></span> <span class='ocrx_word' id='word_1_18' title='bbox 346 606 441 670; x_wconf 90' lang='lat' dir='ltr'><strong>unius</strong></span> <span class='ocrx_word' id='word_1_19' title='bbox 469 606 576 670; x_wconf 92' lang='lat' dir='ltr'><strong>horrei</strong></span> <span class='ocrx_word' id='word_1_20' title='bbox 605 605 646 669; x_wconf 85' lang='lat' dir='ltr'><strong>ab</strong></span> <span class='ocrx_word' id='word_1_21' title='bbox 670 606 788 692; x_wconf 84' lang='lat' dir='ltr'><strong>angulo</strong></span> <span class='ocrx_word' id='word_1_22' title='bbox 817 628 921 689; x_wconf 89' lang='lat' dir='ltr'><strong>usque</strong></span> 
     </span>
     <span class='ocr_line' id='line_1_4' title="bbox 70 708 922 795; baseline 0.001 -23"><span class='ocrx_word' id='word_1_23' title='bbox 70 734 86 779; x_wconf 80' lang='lat' dir='ltr'><strong>a</strong></span> <span class='ocrx_word' id='word_1_24' title='bbox 114 708 158 773; x_wconf 86' lang='lat' dir='ltr'><strong>ad</strong></span> <span class='ocrx_word' id='word_1_25' title='bbox 181 709 317 773; x_wconf 87' lang='lat' dir='ltr'><strong>alterum</strong></span> <span class='ocrx_word' id='word_1_26' title='bbox 344 708 484 794; x_wconf 89' lang='lat' dir='ltr'><strong>pedibus</strong></span> <span class='ocrx_word' id='word_1_27' title='bbox 515 710 763 795; x_wconf 83' lang='lat' dir='ltr'><strong>quadringentis</strong></span> <span class='ocrx_word' id='word_1_28' title='bbox 792 731 922 774; x_wconf 90' lang='lat' dir='ltr'><strong>mensu·</strong></span> 
     </span>
     <span class='ocr_line' id='line_1_5' title="bbox 70 813 208 882; baseline -0.043 0"><span class='ocrx_word' id='word_1_29' title='bbox 70 838 88 882; x_wconf 82' lang='lat'>4</span> <span class='ocrx_word' id='word_1_30' title='bbox 114 813 208 876; x_wconf 86' lang='lat' dir='ltr'><strong>ravit.</strong></span> 
     </span>
     <span class='ocr_line' id='line_1_6' title="bbox 72 915 997 1001; baseline -0.003 -17"><span class='ocrx_word' id='word_1_31' title='bbox 72 938 87 984; x_wconf 80' lang='lat'><strong>5</strong></span> <span class='ocrx_word' id='word_1_32' title='bbox 181 917 348 1001; x_wconf 78' lang='lat' dir='ltr'>Deinceps</span> <span class='ocrx_word' id='word_1_33' title='bbox 382 917 541 980; x_wconf 83' lang='lat' dir='ltr'><strong>intrantes</strong></span> <span class='ocrx_word' id='word_1_34' title='bbox 575 917 609 979; x_wconf 93' lang='lat' dir='ltr'><strong>in</strong></span> <span class='ocrx_word' id='word_1_35' title='bbox 643 938 743 981; x_wconf 87' lang='lat' dir='ltr'><strong>naves</strong></span> <span class='ocrx_word' id='word_1_36' title='bbox 777 918 811 980; x_wconf 92' lang='lat' dir='ltr'><strong>in</strong></span> <span class='ocrx_word' id='word_1_37' title='bbox 841 915 921 979; x_wconf 89' lang='lat' dir='ltr'><strong>Nilo</strong></span> <span class='ocrx_word' id='word_1_38' title='bbox 966 929 997 981; x_wconf 80' lang='grc'><strong>17</strong></span> 
     </span>
     <span class='ocr_line' id='line_1_7' title="bbox 73 1019 921 1103; baseline -0.005 -15"><span class='ocrx_word' id='word_1_39' title='bbox 73 1043 88 1088; x_wconf 88' lang='lat' dir='ltr'><strong>e</strong></span> <span class='ocrx_word' id='word_1_40' title='bbox 115 1019 247 1086; x_wconf 89' lang='lat' dir='ltr'><strong>flumine</strong></span> <span class='ocrx_word' id='word_1_41' title='bbox 273 1042 378 1103; x_wconf 91' lang='lat' dir='ltr'><strong>usque</strong></span> <span class='ocrx_word' id='word_1_42' title='bbox 413 1019 454 1084; x_wconf 89' lang='lat' dir='ltr'><strong>ad</strong></span> <span class='ocrx_word' id='word_1_43' title='bbox 487 1020 655 1084; x_wconf 91' lang='lat' dir='ltr'><strong>introitum</strong></span> <span class='ocrx_word' id='word_1_44' title='bbox 684 1019 790 1085; x_wconf 85' lang='lat' dir='ltr'><strong>Rubri</strong></span> <span class='ocrx_word' id='word_1_45' title='bbox 823 1021 921 1084; x_wconf 86' lang='lat' dir='ltr'><strong>maris</strong></span> 
     </span>
     <span class='ocr_line' id='line_1_8' title="bbox 71 1119 1009 1212; baseline -0.002 -22"><span class='ocrx_word' id='word_1_46' title='bbox 71 1147 88 1190; x_wconf 78' lang='lat'><strong>-7</strong></span> <span class='ocrx_word' id='word_1_47' title='bbox 115 1125 359 1212; x_wconf 83' lang='lat' dir='ltr'><strong>navigaverunt.</strong></span> <span class='ocrx_word' id='word_1_48' title='bbox 406 1147 445 1187; x_wconf 85' lang='lat' dir='ltr'><strong>ex</strong></span> <span class='ocrx_word' id='word_1_49' title='bbox 467 1123 524 1186; x_wconf 91' lang='lat' dir='ltr'><strong>illo</strong></span> <span class='ocrx_word' id='word_1_50' title='bbox 548 1131 643 1207; x_wconf 82' lang='lat' dir='ltr'><strong>portu</strong></span> <span class='ocrx_word' id='word_1_51' title='bbox 668 1122 709 1186; x_wconf 87' lang='lat' dir='ltr'><strong>ad</strong></span> <span class='ocrx_word' id='word_1_52' title='bbox 734 1123 923 1188; x_wconf 75' lang='lat' dir='ltr'><strong>orientalem</strong></span> <span class='ocrx_word' id='word_1_53' title='bbox 1006 1119 1009 1123; x_wconf 56' lang='grc'><em>’</em></span> 
     </span>
     <span class='ocr_line' id='line_1_9' title="bbox 73 1226 922 1313; baseline -0.002 -19"><span class='ocrx_word' id='word_1_54' title='bbox 73 1251 89 1295; x_wconf 84' lang='lat' dir='ltr'><strong>s</strong></span> <span class='ocrx_word' id='word_1_55' title='bbox 114 1227 244 1313; x_wconf 82' lang='lat' dir='ltr'><strong>plagam</strong></span> <span class='ocrx_word' id='word_1_56' title='bbox 267 1250 371 1311; x_wconf 91' lang='lat' dir='ltr'><strong>usque</strong></span> <span class='ocrx_word' id='word_1_57' title='bbox 394 1226 435 1291; x_wconf 86' lang='lat' dir='ltr'><strong>ad</strong></span> <span class='ocrx_word' id='word_1_58' title='bbox 450 1226 564 1310; x_wconf 84' lang='lat' dir='ltr'><strong>Moysi</strong></span> <span class='ocrx_word' id='word_1_59' title='bbox 587 1227 673 1291; x_wconf 88' lang='lat' dir='ltr'><strong>viam</strong></span> <span class='ocrx_word' id='word_1_60' title='bbox 696 1250 755 1312; x_wconf 91' lang='lat' dir='ltr'><strong>per</strong></span> <span class='ocrx_word' id='word_1_61' title='bbox 772 1227 922 1293; x_wconf 89' lang='lat' dir='ltr'><strong>Rubrum</strong></span> 
     </span>
     <span class='ocr_line' id='line_1_10' title="bbox 75 1328 923 1417; baseline -0.002 -20"><span class='ocrx_word' id='word_1_62' title='bbox 75 1353 89 1398; x_wconf 83' lang='lat'>9</span> <span class='ocrx_word' id='word_1_63' title='bbox 114 1355 203 1396; x_wconf 87' lang='lat' dir='ltr'><strong>mare</strong></span> <span class='ocrx_word' id='word_1_64' title='bbox 225 1354 361 1417; x_wconf 86' lang='lat' dir='ltr'><strong>parvum</strong></span> <span class='ocrx_word' id='word_1_65' title='bbox 386 1339 435 1394; x_wconf 91' lang='lat' dir='ltr'><strong>est</strong></span> <span class='ocrx_word' id='word_1_66' title='bbox 456 1328 610 1414; x_wconf 84' lang='lat' dir='ltr'><strong>spacium.</strong></span> <span class='ocrx_word' id='word_1_67' title='bbox 646 1329 701 1395; x_wconf 90' lang='lat' dir='ltr'><strong>ille</strong></span> <span class='ocrx_word' id='word_1_68' title='bbox 720 1339 923 1396; x_wconf 87' lang='lat' dir='ltr'><strong>mensurator</strong></span> 
     </span>
     <span class='ocr_line' id='line_1_11' title="bbox 62 1432 922 1518; baseline 0.001 -21"><span class='ocrx_word' id='word_1_69' title='bbox 62 1452 90 1497; x_wconf 90' lang='lat' dir='ltr'><strong>1o</strong></span> <span class='ocrx_word' id='word_1_70' title='bbox 114 1436 225 1499; x_wconf 86' lang='lat' dir='ltr'><strong>lateris</strong></span> <span class='ocrx_word' id='word_1_71' title='bbox 248 1435 355 1498; x_wconf 90' lang='lat' dir='ltr'><strong>horrei</strong></span> <span class='ocrx_word' id='word_1_72' title='bbox 378 1433 424 1497; x_wconf 89' lang='lat' dir='ltr'><strong>ire</strong></span> <span class='ocrx_word' id='word_1_73' title='bbox 448 1455 551 1516; x_wconf 88' lang='lat' dir='ltr'><strong>usque</strong></span> <span class='ocrx_word' id='word_1_74' title='bbox 575 1432 617 1496; x_wconf 88' lang='lat' dir='ltr'><strong>ad</strong></span> <span class='ocrx_word' id='word_1_75' title='bbox 638 1441 778 1517; x_wconf 86' lang='lat' dir='ltr'><strong>portum,</strong></span> <span class='ocrx_word' id='word_1_76' title='bbox 802 1435 836 1498; x_wconf 90' lang='lat' dir='ltr'><strong>in</strong></span> <span class='ocrx_word' id='word_1_77' title='bbox 857 1457 922 1518; x_wconf 89' lang='lat' dir='ltr'><strong>quo</strong></span> 
     </span>
     <span class='ocr_line' id='line_1_12' title="bbox 62 1537 922 1623; baseline 0.001 -21"><span class='ocrx_word' id='word_1_78' title='bbox 62 1559 90 1603; x_wconf 88' lang='lat'><strong>11</strong></span> <span class='ocrx_word' id='word_1_79' title='bbox 115 1538 259 1602; x_wconf 86' lang='lat' dir='ltr'><strong>introivit</strong></span> <span class='ocrx_word' id='word_1_80' title='bbox 280 1537 416 1623; x_wconf 88' lang='lat' dir='ltr'><strong>Moyses</strong></span> <span class='ocrx_word' id='word_1_81' title='bbox 441 1559 514 1602; x_wconf 87' lang='lat' dir='ltr'><strong>oum</strong></span> <span class='ocrx_word' id='word_1_82' title='bbox 538 1537 660 1621; x_wconf 91' lang='lat' dir='ltr'><strong>populo</strong></span> <span class='ocrx_word' id='word_1_83' title='bbox 685 1559 755 1618; x_wconf 85' lang='lat' dir='ltr'><strong>sno,</strong></span> <span class='ocrx_word' id='word_1_84' title='bbox 778 1538 812 1601; x_wconf 89' lang='lat' dir='ltr'><strong>in</strong></span> <span class='ocrx_word' id='word_1_85' title='bbox 834 1561 922 1603; x_wconf 89' lang='lat' dir='ltr'><strong>mare</strong></span> 
     </span>
    </p>

    <p class='ocr_par' dir='ltr' id='par_1_3' title="bbox 1 1639 924 1725">
     <span class='ocr_line' id='line_1_13' title="bbox 1 1639 924 1725; baseline 0.001 -22"><span class='ocrx_word' id='word_1_86' title='bbox 1 1639 4 1659; x_wconf 79' lang='lat'><strong><em>⁷</em></strong></span> <span class='ocrx_word' id='word_1_87' title='bbox 61 1659 91 1705; x_wconf 76' lang='lat'><strong>12</strong></span> <span class='ocrx_word' id='word_1_88' title='bbox 115 1642 229 1722; x_wconf 79' lang='lat' dir='ltr'><strong>voluit,</strong></span> <span class='ocrx_word' id='word_1_89' title='bbox 251 1650 316 1704; x_wconf 88' lang='lat' dir='ltr'><strong>non</strong></span> <span class='ocrx_word' id='word_1_90' title='bbox 340 1641 444 1723; x_wconf 88' lang='lat' dir='ltr'><strong>solum</strong></span> <span class='ocrx_word' id='word_1_91' title='bbox 467 1651 504 1706; x_wconf 92' lang='lat' dir='ltr'><strong>ut</strong></span> <span class='ocrx_word' id='word_1_92' title='bbox 525 1639 679 1704; x_wconf 83' lang='lat' dir='ltr'><strong>intrasset</strong></span> <span class='ocrx_word' id='word_1_93' title='bbox 700 1650 840 1725; x_wconf 83' lang='lat' dir='ltr'><strong>portum,</strong></span> <span class='ocrx_word' id='word_1_94' title='bbox 865 1640 924 1706; x_wconf 88' lang='lat' dir='ltr'><strong>sed</strong></span> 
     </span>
    </p>

    <p class='ocr_par' dir='ltr' id='par_1_4' title="bbox 1 1745 1001 2962">
     <span class='ocr_line' id='line_1_14' title="bbox 1 1745 924 1834; baseline -0.002 -25"><span class='ocrx_word' id='word_1_95' title='bbox 1 1829 2 1834; x_wconf 8' lang='grc' dir='ltr'>η</span> <span class='ocrx_word' id='word_1_96' title='bbox 60 1765 92 1810; x_wconf 79' lang='lat' dir='ltr'><strong>le</strong></span> <span class='ocrx_word' id='word_1_97' title='bbox 115 1747 208 1810; x_wconf 91' lang='lat' dir='ltr'><strong>utin</strong></span> <span class='ocrx_word' id='word_1_98' title='bbox 231 1767 269 1810; x_wconf 93' lang='lat' dir='ltr'><strong>eo</strong></span> <span class='ocrx_word' id='word_1_99' title='bbox 292 1745 430 1830; x_wconf 86' lang='lat' dir='ltr'><strong>vestigia</strong></span> <span class='ocrx_word' id='word_1_100' title='bbox 460 1766 614 1809; x_wconf 85' lang='lat' dir='ltr'><strong>curruum</strong></span> <span class='ocrx_word' id='word_1_101' title='bbox 643 1753 675 1807; x_wconf 90' lang='lat' dir='ltr'><strong>et</strong></span> <span class='ocrx_word' id='word_1_102' title='bbox 704 1755 848 1809; x_wconf 85' lang='lat' dir='ltr'><strong>rotarum</strong></span> <span class='ocrx_word' id='word_1_103' title='bbox 872 1767 924 1808; x_wconf 94' lang='lat' dir='ltr'><strong>or-</strong></span> 
     </span>
     <span class='ocr_line' id='line_1_15' title="bbox 58 1848 924 1926; baseline 0.002 -17"><span class='ocrx_word' id='word_1_104' title='bbox 58 1865 94 1912; x_wconf 79' lang='grc'><strong>11</strong></span> <span class='ocrx_word' id='word_1_105' title='bbox 118 1850 200 1914; x_wconf 88' lang='lat' dir='ltr'><strong>bitas</strong></span> <span class='ocrx_word' id='word_1_106' title='bbox 227 1848 409 1914; x_wconf 81' lang='lat' dir='ltr'><strong>Pharaonis</strong></span> <span class='ocrx_word' id='word_1_107' title='bbox 439 1857 600 1926; x_wconf 83' lang='lat' dir='ltr'><strong>cerneret3</strong></span> <span class='ocrx_word' id='word_1_108' title='bbox 637 1859 754 1914; x_wconf 90' lang='lat' dir='ltr'><strong>nautae</strong></span> <span class='ocrx_word' id='word_1_109' title='bbox 783 1849 830 1912; x_wconf 94' lang='lat' dir='ltr'><strong>illi</strong></span> <span class='ocrx_word' id='word_1_110' title='bbox 858 1871 924 1912; x_wconf 89' lang='lat' dir='ltr'><strong>non</strong></span> 
     </span>
     <span class='ocr_line' id='line_1_16' title="bbox 56 1951 923 2018; baseline 0.001 -4"><span class='ocrx_word' id='word_1_111' title='bbox 56 1969 95 2016; x_wconf 81' lang='lat' dir='ltr'><strong>lt</strong></span> <span class='ocrx_word' id='word_1_112' title='bbox 118 1962 362 2018; x_wconf 81' lang='lat' dir='ltr'><strong>consenserunt.</strong></span> <span class='ocrx_word' id='word_1_113' title='bbox 397 1951 535 2016; x_wconf 87' lang='lat' dir='ltr'><strong>latitudo</strong></span> <span class='ocrx_word' id='word_1_114' title='bbox 559 1953 656 2018; x_wconf 87' lang='lat' dir='ltr'><strong>maris</strong></span> <span class='ocrx_word' id='word_1_115' title='bbox 671 1953 705 2016; x_wconf 92' lang='lat' dir='ltr'><strong>in</strong></span> <span class='ocrx_word' id='word_1_116' title='bbox 722 1953 834 2018; x_wconf 83' lang='lat' dir='ltr'><strong>eodem</strong></span> <span class='ocrx_word' id='word_1_117' title='bbox 850 1953 923 2017; x_wconf 85' lang='lat' dir='ltr'><strong>loeo</strong></span> 
     </span>
     <span class='ocr_line' id='line_1_17' title="bbox 54 2056 924 2142; baseline 0.002 -25"><span class='ocrx_word' id='word_1_118' title='bbox 54 2070 96 2117; x_wconf 82' lang='lat' dir='ltr'><strong>le</strong></span> <span class='ocrx_word' id='word_1_119' title='bbox 118 2059 211 2142; x_wconf 87' lang='lat' dir='ltr'><strong>quasi</strong></span> <span class='ocrx_word' id='word_1_120' title='bbox 232 2079 267 2124; x_wconf 85' lang='lat' dir='ltr'><strong>vr</strong></span> <span class='ocrx_word' id='word_1_121' title='bbox 291 2056 351 2121; x_wconf 90' lang='lat' dir='ltr'><strong>sibi</strong></span> <span class='ocrx_word' id='word_1_122' title='bbox 374 2056 445 2125; x_wconf 86' lang='lat' dir='ltr'><strong>visa</strong></span> <span class='ocrx_word' id='word_1_123' title='bbox 468 2064 527 2121; x_wconf 81' lang='lat' dir='ltr'><strong>est.</strong></span> <span class='ocrx_word' id='word_1_124' title='bbox 573 2056 648 2121; x_wconf 92' lang='lat' dir='ltr'><strong>inde</strong></span> <span class='ocrx_word' id='word_1_125' title='bbox 672 2059 706 2121; x_wconf 88' lang='lat' dir='ltr'><strong>in</strong></span> <span class='ocrx_word' id='word_1_126' title='bbox 730 2056 924 2122; x_wconf 79' lang='lat' dir='ltr'><strong>occidentali</strong></span> 
     </span>
     <span class='ocr_line' id='line_1_18' title="bbox 53 2160 925 2246; baseline 0.001 -25"><span class='ocrx_word' id='word_1_127' title='bbox 53 2177 96 2222; x_wconf 75' lang='lat'><strong>17</strong></span> <span class='ocrx_word' id='word_1_128' title='bbox 117 2171 208 2246; x_wconf 86' lang='lat' dir='ltr'><strong>parte</strong></span> <span class='ocrx_word' id='word_1_129' title='bbox 231 2160 336 2224; x_wconf 88' lang='lat' dir='ltr'><strong>Rubri</strong></span> <span class='ocrx_word' id='word_1_130' title='bbox 359 2161 471 2241; x_wconf 83' lang='lat' dir='ltr'><strong>maris,</strong></span> <span class='ocrx_word' id='word_1_131' title='bbox 499 2160 564 2223; x_wconf 88' lang='lat' dir='ltr'><strong>hoo</strong></span> <span class='ocrx_word' id='word_1_132' title='bbox 587 2170 636 2224; x_wconf 88' lang='lat' dir='ltr'><strong>est</strong></span> <span class='ocrx_word' id='word_1_133' title='bbox 657 2161 692 2224; x_wconf 90' lang='lat' dir='ltr'><strong>in</strong></span> <span class='ocrx_word' id='word_1_134' title='bbox 715 2161 788 2225; x_wconf 89' lang='lat' dir='ltr'><strong>sinu</strong></span> <span class='ocrx_word' id='word_1_135' title='bbox 812 2170 925 2224; x_wconf 85' lang='lat' dir='ltr'><strong>exten-</strong></span> 
     </span>
     <span class='ocr_line' id='line_1_19' title="bbox 54 2262 924 2349; baseline 0.002 -27"><span class='ocrx_word' id='word_1_136' title='bbox 54 2262 214 2327; x_wconf 73' lang='lat' dir='ltr'><strong>ludente</strong></span> <span class='ocrx_word' id='word_1_137' title='bbox 238 2285 273 2327; x_wconf 87' lang='lat' dir='ltr'><strong>se</strong></span> <span class='ocrx_word' id='word_1_138' title='bbox 303 2262 399 2349; x_wconf 80' lang='lat' dir='ltr'><strong>longe</strong></span> <span class='ocrx_word' id='word_1_139' title='bbox 427 2264 461 2326; x_wconf 92' lang='lat' dir='ltr'><strong>in</strong></span> <span class='ocrx_word' id='word_1_140' title='bbox 485 2263 770 2346; x_wconf 86' lang='lat' dir='ltr'><strong>septentrionalem</strong></span> <span class='ocrx_word' id='word_1_141' title='bbox 798 2271 924 2346; x_wconf 88' lang='lat' dir='ltr'><strong>partem</strong></span> 
     </span>
     <span class='ocr_line' id='line_1_20' title="bbox 55 2364 925 2449; baseline 0 -22"><span class='ocrx_word' id='word_1_142' title='bbox 55 2380 96 2427; x_wconf 82' lang='lat' dir='ltr'><strong>le</strong></span> <span class='ocrx_word' id='word_1_143' title='bbox 117 2366 255 2431; x_wconf 87' lang='lat' dir='ltr'><strong>velivola</strong></span> <span class='ocrx_word' id='word_1_144' title='bbox 287 2366 495 2430; x_wconf 87' lang='lat' dir='ltr'><strong>festinatione</strong></span> <span class='ocrx_word' id='word_1_145' title='bbox 534 2365 779 2449; x_wconf 86' lang='lat' dir='ltr'><strong>navigaverunt.</strong></span> <span class='ocrx_word' id='word_1_146' title='bbox 843 2364 925 2428; x_wconf 90' lang='lat' dir='ltr'><strong>illud</strong></span> 
     </span>
     <span class='ocr_line' id='line_1_21' title="bbox 51 2468 994 2558; baseline 0.005 -31"><span class='ocrx_word' id='word_1_147' title='bbox 51 2479 95 2527; x_wconf 82' lang='lat'><strong>20</strong></span> <span class='ocrx_word' id='word_1_148' title='bbox 117 2479 167 2534; x_wconf 87' lang='lat' dir='ltr'><strong>est</strong></span> <span class='ocrx_word' id='word_1_149' title='bbox 204 2490 293 2532; x_wconf 90' lang='lat' dir='ltr'><strong>mare</strong></span> <span class='ocrx_word' id='word_1_150' title='bbox 335 2468 423 2551; x_wconf 90' lang='lat' dir='ltr'><strong>quod</strong></span> <span class='ocrx_word' id='word_1_151' title='bbox 467 2479 723 2533; x_wconf 89' lang='lat' dir='ltr'><strong>murmurantem</strong></span> <span class='ocrx_word' id='word_1_152' title='bbox 769 2468 924 2554; x_wconf 90' lang='lat' dir='ltr'><strong>populum</strong></span> <span class='ocrx_word' id='word_1_153' title='bbox 958 2514 994 2558; x_wconf 64' lang='lat'><strong>41</strong></span> 
     </span>
     <span class='ocr_line' id='line_1_22' title="bbox 51 2557 987 2653; baseline -0.003 -14"><span class='ocrx_word' id='word_1_154' title='bbox 51 2582 91 2630; x_wconf 81' lang='lat'><strong>²1</strong></span> <span class='ocrx_word' id='word_1_155' title='bbox 117 2571 226 2639; x_wconf 73' lang='lat' dir='ltr'><strong>lsrael</strong></span> <span class='ocrx_word' id='word_1_156' title='bbox 254 2573 288 2635; x_wconf 92' lang='lat' dir='ltr'><strong>in</strong></span> <span class='ocrx_word' id='word_1_157' title='bbox 311 2571 440 2636; x_wconf 84' lang='lat' dir='ltr'><strong>deserto</strong></span> <span class='ocrx_word' id='word_1_158' title='bbox 464 2571 638 2653; x_wconf 80' lang='lat' dir='ltr'><strong>coartavit,</strong></span> <span class='ocrx_word' id='word_1_159' title='bbox 672 2593 713 2635; x_wconf 88' lang='lat' dir='ltr'><strong>ne</strong></span> <span class='ocrx_word' id='word_1_160' title='bbox 740 2570 775 2635; x_wconf 89' lang='lat' dir='ltr'><strong>in</strong></span> <span class='ocrx_word' id='word_1_161' title='bbox 804 2581 923 2636; x_wconf 89' lang='lat' dir='ltr'><strong>terram</strong></span> <span class='ocrx_word' id='word_1_162' title='bbox 968 2557 987 2588; x_wconf 69' lang='lat'><strong>&#39;³</strong></span> 
     </span>
     <span class='ocr_line' id='line_1_23' title="bbox 49 2673 609 2761; baseline -0.005 -21"><span class='ocrx_word' id='word_1_163' title='bbox 49 2680 92 2730; x_wconf 77' lang='lat'><strong>22</strong></span> <span class='ocrx_word' id='word_1_164' title='bbox 117 2675 266 2761; x_wconf 83' lang='lat' dir='ltr'><strong>Aegypti</strong></span> <span class='ocrx_word' id='word_1_165' title='bbox 288 2673 417 2760; x_wconf 84' lang='lat' dir='ltr'><strong>regredi</strong></span> <span class='ocrx_word' id='word_1_166' title='bbox 439 2675 609 2760; x_wconf 88' lang='lat' dir='ltr'><strong>potuisset.</strong></span> 
     </span>
     <span class='ocr_line' id='line_1_24' title="bbox 48 2775 1001 2861; baseline -0.004 -19"><span class='ocrx_word' id='word_1_167' title='bbox 48 2784 88 2835; x_wconf 78' lang='lat'><strong>23</strong></span> <span class='ocrx_word' id='word_1_168' title='bbox 180 2778 264 2861; x_wconf 82' lang='lat' dir='ltr'><strong>Non</strong></span> <span class='ocrx_word' id='word_1_169' title='bbox 288 2780 404 2842; x_wconf 89' lang='lat' dir='ltr'><strong>mirum</strong></span> <span class='ocrx_word' id='word_1_170' title='bbox 419 2787 468 2843; x_wconf 89' lang='lat' dir='ltr'><strong>est</strong></span> <span class='ocrx_word' id='word_1_171' title='bbox 483 2801 584 2842; x_wconf 92' lang='lat' dir='ltr'><strong>unum</strong></span> <span class='ocrx_word' id='word_1_172' title='bbox 599 2776 732 2840; x_wconf 86' lang='lat' dir='ltr'><strong>fluvium</strong></span> <span class='ocrx_word' id='word_1_173' title='bbox 747 2777 779 2840; x_wconf 90' lang='lat' dir='ltr'><strong>in</strong></span> <span class='ocrx_word' id='word_1_174' title='bbox 797 2775 926 2841; x_wconf 88' lang='lat' dir='ltr'><strong>diversa</strong></span> <span class='ocrx_word' id='word_1_175' title='bbox 969 2787 1001 2839; x_wconf 84' lang='lat'><strong>19</strong></span> 
     </span>
     <span class='ocr_line' id='line_1_25' title="bbox 46 2879 925 2962; baseline 0.005 -23"><span class='ocrx_word' id='word_1_176' title='bbox 46 2883 87 2939; x_wconf 79' lang='lat'><strong>24</strong></span> <span class='ocrx_word' id='word_1_177' title='bbox 116 2879 252 2946; x_wconf 86' lang='lat' dir='ltr'><strong>fiumina</strong></span> <span class='ocrx_word' id='word_1_178' title='bbox 280 2880 397 2962; x_wconf 85' lang='lat' dir='ltr'><strong>dividi,</strong></span> <span class='ocrx_word' id='word_1_179' title='bbox 432 2881 524 2946; x_wconf 86' lang='lat' dir='ltr'><strong>euius</strong></span> <span class='ocrx_word' id='word_1_180' title='bbox 553 2879 691 2944; x_wconf 88' lang='lat' dir='ltr'><strong>latitudo</strong></span> <span class='ocrx_word' id='word_1_181' title='bbox 725 2881 863 2944; x_wconf 87' lang='lat' dir='ltr'><strong>maxime</strong></span> <span class='ocrx_word' id='word_1_182' title='bbox 891 2881 925 2943; x_wconf 92' lang='lat' dir='ltr'><strong>in</strong></span> 
     </span>
    </p>
   </div>
   <div class='ocr_carea' id='block_1_3' title="bbox 120 3185 930 3403">
    <p class='ocr_par' dir='ltr' id='par_1_5' title="bbox 120 3185 930 3403">
     <span class='ocr_line' id='line_1_26' title="bbox 155 3185 924 3248; baseline -0.008 -14"><span class='ocrx_word' id='word_1_183' title='bbox 155 3185 284 3248; x_wconf 79' lang='lat' dir='ltr'><strong>8M0ysi]</strong></span> <span class='ocrx_word' id='word_1_184' title='bbox 305 3188 340 3232; x_wconf 78' lang='lat' dir='ltr'><strong>sie</strong></span> <span class='ocrx_word' id='word_1_185' title='bbox 365 3185 444 3243; x_wconf 80' lang='lat' dir='ltr'><strong>cedd„</strong></span> <span class='ocrx_word' id='word_1_186' title='bbox 480 3185 570 3248; x_wconf 84' lang='lat' dir='ltr'><strong>Moysii</strong></span> <span class='ocrx_word' id='word_1_187' title='bbox 598 3186 698 3244; x_wconf 69' lang='lat' dir='ltr'><strong>Walek„</strong></span> <span class='ocrx_word' id='word_1_188' title='bbox 736 3186 830 3245; x_wconf 82' lang='lat' dir='ltr'><strong>Moysis</strong></span> <span class='ocrx_word' id='word_1_189' title='bbox 857 3185 924 3229; x_wconf 81' lang='lat' dir='ltr'><strong>Letr.</strong></span> 
     </span>
     <span class='ocr_line' id='line_1_27' title="bbox 120 3254 930 3317; baseline -0.004 -15"><span class='ocrx_word' id='word_1_190' title='bbox 120 3258 135 3302; x_wconf 82' lang='lat'><strong>9</strong></span> <span class='ocrx_word' id='word_1_191' title='bbox 155 3259 259 3316; x_wconf 82' lang='lat' dir='ltr'><strong>epatium</strong></span> <span class='ocrx_word' id='word_1_192' title='bbox 278 3257 335 3302; x_wconf 82' lang='lat' dir='ltr'><strong>editi</strong></span> <span class='ocrx_word' id='word_1_193' title='bbox 401 3258 431 3302; x_wconf 87' lang='grc'><strong>11</strong></span> <span class='ocrx_word' id='word_1_194' title='bbox 451 3270 495 3302; x_wconf 86' lang='lat' dir='ltr'><strong>suo</strong></span> <span class='ocrx_word' id='word_1_195' title='bbox 514 3257 607 3317; x_wconf 85' lang='lat' dir='ltr'><strong>populo</strong></span> <span class='ocrx_word' id='word_1_196' title='bbox 622 3258 645 3303; x_wconf 83' lang='lat' dir='ltr'><em>V</em></span> <span class='ocrx_word' id='word_1_197' title='bbox 711 3255 741 3302; x_wconf 81' lang='lat' dir='ltr'><strong>lb</strong></span> <span class='ocrx_word' id='word_1_198' title='bbox 761 3259 891 3300; x_wconf 86' lang='lat' dir='ltr'><strong>conserunt</strong></span> <span class='ocrx_word' id='word_1_199' title='bbox 910 3254 930 3299; x_wconf 89' lang='lat' dir='ltr'><em>V</em></span> 
     </span>
     <span class='ocr_line' id='line_1_28' title="bbox 120 3327 393 3403; baseline 0.004 -31"><span class='ocrx_word' id='word_1_200' title='bbox 120 3327 153 3374; x_wconf 73' lang='lat'><strong>21</strong></span> <span class='ocrx_word' id='word_1_201' title='bbox 173 3330 308 3403; x_wconf 75' lang='lat' dir='ltr'><strong>eosrctevit</strong></span> <span class='ocrx_word' id='word_1_202' title='bbox 325 3327 393 3373; x_wconf 84' lang='lat' dir='ltr'><strong>Letr.</strong></span> 
     </span>
    </p>
   </div>
   <div class='ocr_carea' id='block_1_4' title="bbox 0 0 1220 3998">
    <p class='ocr_par' dir='ltr' id='par_1_6' title="bbox 0 0 1220 3998">
     <span class='ocr_line' id='line_1_29' title="bbox 0 0 1220 3998; baseline 0 6"><span class='ocrx_word' id='word_1_203' title='bbox 0 0 1220 3998; x_wconf 95' lang='lat' dir='ltr'><strong> </strong></span> 
     </span>
    </p>
   </div>
  </div>
 </body>
</html>
