2354 3998
69 384 196 450 alneu
903 386 935 437 tl

47 542 50 543 ⁷
89 565 100 608 1
129 540 284 606 circuitus
312 541 381 606 eius
397 561 526 612 Dm..
556 540 640 605 alias-
666 539 707 604 ab
735 538 851 603 Africa
873 536 936 604 Ca-

86 665 101 709 r
128 643 266 709 ralitauo
289 645 512 729 promuntorio
535 665 586 715 cc.

77 767 101 810 -a
165 748 242 814 ,Ju
269 749 353 812 libro
383 748 770 835 ethimologiarumxnfl.
817 744 858 811 de
886 745 935 808 in·
959 762 1032 831 &15

85 872 101 916 4
124 852 200 924 sula
222 851 373 918 Sardinia
397 852 444 918 sic
463 853 625 937 scriptum
649 861 715 916 est:
744 849 869 916 Sardus
892 849 933 914 ab

84 973 98 1018 a
126 946 271 1021 Hercule
286 957 475 1041 procreatus
496 978 571 1020 cum
593 976 711 1040 magua
727 952 934 1017 multitudine

83 1074 103 1133 a·
126 1083 145 1123 a
167 1059 264 1123 Libia
293 1061 459 1144 profectus
488 1056 670 1125 Sardiniam
701 1057 874 1141 occupavit
901 1065 935 1119 ct

84 1180 98 1223 7
126 1184 166 1225 ex
189 1184 249 1229 suo
266 1165 426 1229 vocabulo
441 1164 566 1228 insulae
582 1184 699 1249 nomen
716 1160 815 1242 dedit.
850 1160 933 1225 haec

81 1288 98 1331 8
124 1265 158 1329 in
187 1267 302 1332 Africo
337 1269 419 1332 mari
452 1268 536 1333 facie
571 1263 712 1352 vestigii
733 1265 865 1329 humani
899 1263 932 1328 in
965 1256 967 1258 ’

83 1393 97 1437 9
124 1372 281 1442 orientem
310 1394 408 1455 quam
437 1372 470 1435 in
484 1373 487 1375 “
500 1370 702 1437 occidentem
731 1370 829 1434 latior
858 1390 932 1451 pro·

50 1495 97 1567 ¹ro
124 1474 234 1555 minet,
257 1475 372 1540 ferme:
383 1475 515 1560 paribus
536 1473 692 1561 lateribus
714 1473 847 1558 quaein
864 1494 930 1551 me-

65 1598 96 1640 ri
122 1577 237 1642 ridiem
267 1589 299 1643 et
326 1580 580 1664 septentrionem
607 1589 747 1643 vertunt.
794 1600 835 1642 ex
863 1599 929 1659 quo

64 1702 96 1747 12
123 1690 197 1746 ante
221 1684 450 1748 commercium
465 1706 484 1745 a
499 1682 728 1768 navigantibus
746 1678 929 1746 Grecorum

65 1805 96 1851 ra
123 1783 231 1850 Johus
255 1786 418 1872 appellata
440 1797 500 1854 est
546 1785 803 1870 terra-patetin
826 1785 928 1871 longi-

64 1913 96 1957 14
123 1888 270 1953 tudinem
294 1892 360 1957 mil.
383 1912 459 1972 cxc,
486 1892 521 1955 in
542 1890 747 1955 latitudinem
769 1911 822 1958 xc.
876 1938 877 1941 =

63 2014 94 2059 15
192 1992 215 2057 J
219 2004 251 2058 ta
267 1993 307 2057 ab
320 1995 423 2060 Jtalia
440 1995 548 2060 idest
565 2018 584 2058 a
599 1994 691 2060 vadis
703 1992 928 2060 Volaterranis

61 2122 94 2166 16
120 2118 223 2178 usque
240 2074 463 2162 ad'Corsicam
479 2098 545 2162 mil.
558 2119 643 2175 Lxu3
660 2099 833 2185 longitudo
847 2095 928 2162 Cor-

62 2230 93 2273 17
119 2199 207 2265 sicae
227 2220 310 2279 ειη
332 2199 372 2264 ab
397 2202 548 2265 extremis
573 2201 635 2265 hoc
659 2211 709 2266 est
731 2227 751 2267 a
772 2222 927 2288 promun-

61 2331 93 2374 ιε
119 2304 202 2368 torio
227 2301 382 2369 Corsicae
412 2326 516 2388 usque
543 2305 585 2369 ad
606 2304 790 2371 Sardiniam
818 2307 926 2370 minus

60 2435 92 2480 19
119 2428 216 2489 quam
234 2422 312 2488 v11{;
328 2408 467 2473 latitudo
483 2406 652 2474 Sardiniae
669 2434 690 2474 a
703 2411 926 2499 septentrione

57 2537 91 2581 uo
116 2509 150 2574 in
173 2520 320 2577 austrum
343 2535 403 2592 xL3
427 2538 448 2577 a
470 2511 622 2579 Sardinia
643 2522 747 2599 usquc
771 2514 812 2579 ad
835 2514 925 2579 Afri-

37 2632 90 2689 121
117 2636 188 2678 cam
222 2635 273 2684 cc.
335 2639 418 2700 quac
452 2620 560 2683 omnia
593 2620 715 2706 pariter
750 2620 925 2684 coniuncta

155 2907 166 2950 l
193 2905 265 2968 alias]
282 2908 352 2954 abest
370 2907 435 2955 Ptin,
546 2913 557 2955 1
580 2910 594 2954 2
624 2910 740 2957 caralitar'r
760 2911 816 2968 DP,
835 2911 923 2957 carali-

116 2981 192 3023 tanon
209 2976 226 3022 V
273 2980 288 3024 3
308 2979 530 3042 ethimologiarum]
538 2980 610 3039 aicV3
630 2982 920 3041 aethimologiarum,

116 3048 319 3108 etymologiarum
337 3051 405 3095 Lctr.
487 3053 502 3097 4
522 3051 640 3103 Sardus·
652 3055 683 3098 14
702 3052 746 3115 xc]
763 3052 827 3098 Ju'd.
841 3054 883 3109 14,
897 3054 920 3098 6.

116 3116 205 3164 talc
289 3122 355 3167 4ab
374 3135 419 3166 om.
438 3121 505 3168 leid.
593 3122 696 3184 tlybia
714 3123 783 3170 codd.
820 3122 830 3168 ll
864 3138 921 3182 pro-

115 3194 194 3236 tectus
212 3189 280 3237 codd.
336 3194 350 3238 9
370 3193 462 3238 oriente
481 3199 504 3239 ct
521 3195 648 3241 occidente
665 3193 728 3240 Jsid.
784 3194 815 3240 13
834 3191 924 3255 Jchus]

115 3257 182 3330 ἴχνος
199 3260 271 3318 Jsid„
290 3262 383 3310 Jchnus
402 3263 468 3309 [κεν.
493 3264 503 3309 t
528 3270 565 3311 est
583 3280 627 3311 om.
646 3265 709 3312 Jsid.
768 3264 921 3313 13141011-

114 3331 226 3389 gitudine
244 3337 267 3377 ct
283 3332 415 3390 latitudine
432 3335 485 3380 PV
499 3335 562 3382 Jaid.
672 3338 703 3383 16
732 3336 783 3385 mil.
802 3350 846 3381 cm.
866 3337 925 3383 DV

113 3400 124 3446 ΙΙ
137 3399 200 3464 nxu]
217 3415 289 3449 nxxu
306 3405 329 3450 P
401 3406 432 3452 17
447 3413 506 3466 post
523 3419 575 3454 cnx
593 3407 651 3453 editi
669 3408 724 3455 add.
746 3408 798 3469 mil.
