2430 3998
881 285 933 334 VII

69 433 197 503 Statius
227 434 391 521 Sebosus,
423 438 602 505 Theodosii
630 439 721 505 missi
753 439 806 504 rel
828 451 931 506 meta·

69 558 176 632 toros,
210 548 440 635 Thucydides,
475 550 723 633 Timosthenes,
757 550 927 638 Virgilius,

69 661 263 747 Xenophon
284 661 541 748 Lampsacenus.

139 771 267 838 Horum
291 782 460 838 auctorum
483 789 602 861 magna
624 798 699 862 pars
723 797 798 840 cum
814 797 854 840 ex
869 772 930 841 So·

69 884 140 950 lino
162 885 290 967 citetur,
314 882 446 951 Solinus
469 895 578 951 autem
594 910 634 951 ex
649 886 757 951 Plinio
774 886 928 970 hauserit,
1019 885 1021 889 ’

68 1018 177 1082 pauca
197 1005 324 1062 tantum
354 995 417 1062 sibi
442 998 578 1083 propria
606 1021 772 1064 remanere
794 998 928 1064 Dicuilo

68 1108 169 1174 facile
202 1107 412 1196 intellegitur.
468 1118 598 1194 praeter
632 1110 779 1198 Augusti
812 1110 929 1175 choro·

69 1220 241 1308 graphium
265 1231 297 1285 et
312 1219 464 1286 Caesaris
479 1221 624 1287 vitiatam
646 1222 929 1310 cosmographiam

68 1334 202 1399 nonnisi
224 1333 394 1400 dsidorum
420 1332 669 1419 Hispalensem,
699 1332 799 1397 Plinii
826 1333 928 1400 libros

68 1446 197 1531 priores
213 1469 282 1527 sex,
301 1445 516 1528 Priscianum,
538 1443 688 1511 Solinum
704 1455 737 1509 et
752 1444 930 1510 Theodosii

26 1594 29 1602 ‹
68 1558 246 1622 missorum
262 1580 343 1643 opus
361 1558 519 1624 evolvisse
534 1557 662 1623 videtur
677 1557 799 1623 Diouil.
823 1579 930 1642 neque

68 1670 105 1734 in
130 1668 343 1755 excerpendis
366 1668 580 1756 scriptoribus
608 1670 749 1754 antiquis
773 1670 852 1735 satis
875 1691 929 1734 ac-

70 1790 185 1846 curate
208 1790 373 1860 versatum
397 1804 469 1847 esse
494 1780 661 1847 Diouilum
682 1759 796 1868 paitcis
820 1803 929 1846 exem·

68 1893 136 1979 plis
160 1892 339 1958 ostendam.
366 1945 371 1959 ,
930 1972 931 1975 ¹

138 2005 239 2072 Plinii
260 2004 415 2093 librorum
439 2004 527 2070 haud
549 2028 624 2069 raro
646 2005 721 2071 falsi
743 2003 930 2070 indicantur

68 2116 209 2198 numeri,
231 2117 329 2181 immo
353 2116 472 2204 legitur
495 2120 540 2201 (6,
553 2119 613 2201 27)
634 2115 705 2188 ‘sed
728 2117 855 2183 Plinius
871 2115 930 2183 Se-

68 2227 200 2293 cundus
235 2228 336 2293 altero
373 2231 504 2294 nomine
538 2228 742 2314 praedictum
776 2225 930 2314 stagnum

67 2341 229 2420 nominat,
252 2343 337 2422 quod
358 2363 440 2405 nunc
463 2341 661 2407 obliviscor'.
695 2341 729 2407 in
744 2338 837 2403 initio
853 2361 930 2424 ope-
1002 2426 1005 2431 ,

68 2452 116 2517 ris
141 2453 242 2538 (prol.
258 2456 297 2534 4)
321 2451 401 2518 dicit
423 2452 534 2518 Diouil
559 2449 632 2517 ‘ubi
660 2452 694 2516 in
717 2451 808 2516 libris
831 2449 931 2516 Plinii

68 2563 217 2631 Secundi
241 2573 412 2650 corruptos
435 2559 559 2648 absque
577 2563 675 2629 dubio
691 2586 844 2631 numeros
859 2563 931 2628 fieri

69 2696 267 2762 cognovero,
291 2675 364 2740 looa
387 2699 499 2741 eorum
521 2697 625 2741 vacua
646 2677 775 2741 interim
797 2675 868 2740 fore
882 2675 931 2740 fa-

68 2786 171 2868 ciam,
203 2795 240 2851 ut
268 2787 297 2852 si
326 2811 392 2852 non
422 2789 577 2853 invenero
605 2796 694 2853 certa
724 2786 930 2872 exemplaria,

67 2898 269 2983 quicumque
298 2899 456 2984 repererit
482 2898 679 2965 emendst’,
717 2898 828 2984 paullo
856 2907 933 2984 post

68 3018 192 3090 autam,
214 3010 307 3074 finita
329 3012 571 3076 mensuratione
595 3010 684 3078 orbis
708 3020 813 3076 terrae
837 3012 881 3094 (6,
900 3011 931 3094 1)

67 3119 306 3186 habet‘inxta
335 3121 477 3187 Plinium
506 3121 695 3197 Secundum
723 3145 933 3190 numerorum

66 3232 161 3315 loca,
200 3256 283 3317 quae
320 3234 354 3299 in
392 3235 531 3322 prologo
566 3234 713 3322 praedixi
747 3234 932 3317 relinquere
