2430 3998
863 335 924 386 xm

62 483 193 549 decimo
210 507 294 549 anno
311 489 402 566 requi
417 469 621 570 imperatoris
638 487 815 554 Theodosii
830 512 924 573 prae·

63 596 162 680 cepit
180 595 235 660 ille
263 598 330 663 suis
365 598 472 662 missis
500 599 680 682 provintias
709 602 923 683 mensurari',

62 707 125 779 sed
148 706 406 793 deirnperatore
429 710 509 775 nihil
533 710 614 774 certi
634 710 786 777 affirmari
803 721 921 798 potest.

62 819 277 885 TheodosiiI
299 844 404 887 annus
426 821 572 888 decimus
596 824 728 908 quintus
751 823 868 889 incidit
890 824 924 889 in

63 957 185 999 annum
198 930 402 1019 3932p,0.n.,
421 933 599 999 Theodosii
610 935 643 1000 II
662 938 697 1001 in
713 959 834 1001 annum
848 937 922 1000 422.

132 1044 354 1110 Theodosium
376 1046 403 1127 Ι,
431 1045 547 1133 Magni
570 1049 760 1134 cognomine
784 1047 920 1134 insigni-

64 1166 148 1238 tum,
177 1157 307 1222 biennio
331 1166 404 1222 ante
434 1170 572 1224 mortem
593 1161 695 1224 totius
723 1160 811 1224 orbis
834 1182 924 1224 men-

64 1269 265 1334 surationem
290 1267 492 1352 decrevisse,
523 1293 641 1335 avero
665 1270 753 1335 haud
783 1269 924 1336 alienum

64 1402 140 1449 esse
172 1379 316 1460 videtur3
353 1404 391 1446 eo
425 1388 575 1466 spectant
603 1385 668 1445 v.l
699 1381 780 1465 ‘quo
810 1380 924 1445 mundi

62 1515 192 1558 summa
218 1493 373 1574 tenetur'‚
401 1496 468 1558 ιδ
493 1491 600 1558 ‘totus
631 1514 726 1576 quem
749 1490 804 1557 vix
836 1493 924 1577 capit

63 1601 179 1670 orbis'.
230 1627 260 1668 v.
276 1606 316 1669 10
341 1602 464 1670 ‘totum
493 1604 756 1690 comprendimus
785 1603 920 1681 orbem’.

63 1716 241 1782 missorum
263 1725 372 1781 autem
394 1738 508 1781 versus
531 1715 704 1781 duodecim
729 1717 773 1799 (5,
787 1718 819 1797 5)
843 1738 923 1779 non·

61 1828 128 1893 nisi
152 1826 194 1892 ad
216 1828 346 1894 tabulae
373 1828 610 1893 confectionem
641 1850 712 1892 esse
736 1825 922 1892 referendos

61 1941 182 2026 liquet3
207 1941 322 2028 ingens
345 1939 593 2007 mensurationis
608 1937 702 2003 labor
719 1960 923 2022 nequaquam

7 2061 14 2070 '
57 2051 246 2120 ‘mensibus
270 2052 406 2139 exignis'
426 2052 470 2135 (v.
487 2053 520 2135 9)
540 2050 626 2116 finiri
648 2058 790 2137 poterat,
828 2048 924 2114 tabu-

62 2165 132 2230 lam
159 2165 254 2229 istam
283 2163 448 2247 coloribus
477 2161 664 2227 distinctam
696 2163 797 2228 fuisse
826 2160 923 2225 docet

64 2299 180 2343 versus
204 2278 224 2342 8
243 2273 334 2340 ‘dum
357 2274 472 2341 scribit
492 2274 599 2359 pingit
622 2254 655 2336 et
677 2273 783 2336 alter'.
837 2293 920 2356 quae
1021 2330 1029 2348 χ

61 2409 163 2455 versu
174 2389 194 2452 9
207 2395 426 2452 memorantur
437 2383 599 2450 ‘veterum
611 2383 830 2448 monuments’
849 2405 922 2468 per-

61 2501 168 2565 tinere
189 2498 342 2565 videntur
364 2498 406 2563 ad
429 2498 572 2586 Augusti
595 2494 868 2582 chorographiam
891 2504 924 2558 et

61 2610 108 2678 ad
130 2612 259 2677 tabulas
289 2611 526 2697 geographicus
548 2607 744 2689 Ptolemaei,
772 2607 864 2672 cuius
887 2607 922 2672 in
960 2613 967 2627 '

60 2724 189 2790 Dicuili
216 2745 314 2808 opere
342 2722 464 2788 nullam
491 2729 603 2786 extare
632 2717 829 2784 mentionem
852 2720 922 2783 iure

60 2858 201 2902 mireris.
