2386 3996
76 314 186 377 Lamo.
787 319 789 321 ’
895 322 931 376 43

9 512 10 515 =
88 493 98 536 1
121 473 272 554 solstitio,
301 472 360 537 sed
385 474 419 538 in
443 473 559 555 diebus
582 475 669 539 eirea
691 474 773 554 illud
801 477 834 541 in
857 500 931 543 ves-

2 631 5 662 „
78 595 97 642 ,2
118 578 245 661 pertina
262 577 511 644 boraoeeidens
528 579 579 661 sol
594 578 768 644 abscondit
783 601 819 643 se
835 583 930 663 quasi

2 669 4 735 l
84 699 96 743 a
118 689 207 744 trans
230 681 404 766 parvulum
426 682 602 747 tumulum:
626 683 724 766 itaut
743 683 823 746 nihil
839 692 930 749 tene·

82 782 250 848 lbrarum
279 785 324 862 in
343 784 477 849 minimo
512 786 624 871 spaoio
654 787 730 871 ipso
760 786 835 868 fiat,
870 786 929 852 sed
1011 794 1013 797 ’

81 900 93 945 o
117 886 275 970 quiequid
298 889 396 953 homo
419 889 720 974 operari-voluerit,
749 890 802 953 vel
824 889 928 976 pedu·

2 994 4 1064 ζ
81 991 210 1057 oeulos
239 991 280 1056 de
310 992 443 1058 camisia
469 992 668 1075 abstrahere,
697 1001 863 1077 tamquam
892 995 928 1058 in
982 1034 985 1041 -

2 1082 5 1138 3⁴
80 1096 303 1180 ⁷praesentia
326 1096 404 1161 solis
427 1103 550 1181 potest:
581 1104 613 1160 et
641 1096 670 1160 si
698 1096 732 1159 in
755 1096 927 1162 altitudine

79 1210 92 1254 8
115 1191 275 1264 montium
304 1199 375 1264 eius
402 1200 557 1280 fuissent,
585 1200 723 1265 forsitan
750 1223 926 1285 numquam

79 1312 91 1356 ⁹
116 1305 166 1367 sol
191 1302 448 1368 absconderetur
470 1304 510 1370 ab
535 1302 610 1368 illis.
652 1303 687 1366 in
710 1301 817 1366 medio
840 1303 927 1369 illius
953 1316 977 1382 7,
989 1320 1021 1373 12

2 1471 3 1478 χ
65 1411 91 1456 1⁰
115 1407 243 1471 minimi
264 1407 422 1491 temporis
439 1406 581 1471 medium
597 1405 703 1471 noctis
718 1403 756 1468 fit
770 1406 803 1469 in
820 1405 928 1472 medio

2 1526 4 1538 ’
64 1518 89 1562 11
116 1510 205 1576 orbis
229 1519 346 1593 terrae,
370 1520 403 1575 et
424 1510 472 1575 sio
486 1518 568 1595 puto
584 1533 602 1574 e
619 1509 783 1574 contrario
796 1509 927 1582 hiemali

62 1623 91 1669 12
116 1614 257 1678 solstitio
281 1623 314 1679 et
335 1617 369 1679 iu
392 1614 507 1700 paucis
531 1613 646 1678 diebus
670 1614 758 1678 eirea
772 1613 853 1677 illud
870 1637 926 1678 au-

61 1726 89 1771 13
114 1742 224 1782 rorarn
247 1720 282 1783 iu
304 1720 437 1784 minimo
461 1719 574 1803 spacio
596 1718 629 1781 in
645 1718 741 1783 Thile
756 1739 926 1801 apparere,

59 1826 88 1872 14
114 1821 246 1905 quando
270 1824 421 1889 meridies
444 1823 482 1887 fit
504 1823 538 1885 in
561 1821 668 1887 medio
691 1821 780 1886 orbis
801 1830 924 1886 terrae:

59 1928 86 1974 15
113 1925 293 1991 etidcirco
316 1929 509 1992 mentientes
531 1925 698 2000 falluntur,
722 1927 779 2010 qui
800 1925 925 1990 circum
969 1934 1002 1988 13

57 2031 87 2077 ¹⁶
113 2052 184 2094 eam
216 2040 405 2095 concretum
434 2030 504 2095 fore
538 2054 626 2094 mare
660 2031 864 2115 seripserunt
891 2039 925 2094 et

57 2136 86 2182 17
112 2133 169 2216 qui
192 2157 211 2196 a
234 2133 358 2197 vernali
381 2135 588 2218 aequinoctio
612 2157 716 2218 usque
739 2134 782 2198 ad
797 2142 924 2199 autum·

56 2239 86 2284 1⁸
111 2236 186 2301 nale
209 2238 400 2302 continuum
424 2237 509 2301 diem
539 2238 609 2300 sine
638 2246 734 2301 nocte
758 2245 855 2319 atque
880 2236 920 2301 ab

56 2339 85 2384 1a
111 2341 292 2405 autumnali
314 2363 409 2406 versa
431 2340 502 2403 vioe
526 2338 696 2423 usquead
721 2339 851 2404 vernale
870 2362 923 2403 ae-
963 2354 964 2358 ’

54 2445 85 2490 2⁰
112 2444 314 2526 quiuoetium
337 2443 502 2509 assiduam
525 2441 656 2526 quidem
679 2451 821 2524 noctem,
844 2442 922 2506 dum

54 2547 84 2592 21
112 2547 161 2610 illi
190 2549 382 2633 navigantes
410 2549 444 2611 in
466 2546 607 2611 naturali
635 2555 782 2632 tempore
812 2545 922 2633 magni

54 2651 85 2697 ²²
112 2650 246 2736 frigoris
270 2674 341 2715 eam
364 2650 528 2715 intrabant
551 2674 590 2716 aa
610 2660 780 2716 manentes
801 2650 835 2714 in
850 2651 922 2735 ipsa

54 2757 85 2804 11
113 2752 183 2819 dies
206 2764 384 2839 noctesque
406 2777 535 2839 semper
549 2761 677 2838 praeter
693 2753 825 2818 solstitii
839 2761 921 2818 tem-

148 2972 164 3015 4
184 2969 262 3028 spatio
282 2971 350 3017 codd.
409 2970 428 3016 5.
444 2970 458 3014 6
478 2967 606 3028 pediculos
619 2967 686 3013 Letr.
744 2967 775 3012 10
795 2965 923 3025 teporisP

113 3040 144 3090 11
165 3041 243 3086 etsie
261 3047 348 3101 puto-
362 3043 393 3086 14
412 3039 478 3086 orbis
497 3037 585 3101 terrae]
601 3040 697 3084 nonnisi
715 3040 739 3084 ia
757 3039 866 3098 marniae
884 3039 920 3082 in·

105 3108 204 3170 seriore
222 3111 292 3158 babet
309 3111 332 3157 P
407 3111 438 3156 13
457 3107 553 3171 spacio]
569 3112 604 3156 aie
621 3109 647 3166 V,
676 3110 761 3170 spazio
778 3109 810 3165 D,
839 3108 919 3165 spatio

110 3180 199 3241 reliqui
225 3183 235 3228 ΙΙ
260 3179 343 3243 Thile]
358 3183 393 3227 aie
410 3181 435 3237 V,
454 3181 507 3241 tyla
525 3181 582 3237 DP,
603 3180 682 3227 Thule
700 3181 768 3226 Letr.
844 3178 874 3222 14
894 3176 920 3222 in

111 3253 192 3298 medio
204 3253 317 3300 meridies
328 3252 357 3297 fit
368 3252 435 3297 Letr.
499 3253 529 3297 lb
549 3257 574 3297 et
591 3266 638 3297 om.
656 3251 724 3296 Letr.
786 3249 817 3292 17
836 3247 921 3306 aequi·

110 3327 179 3370 notio
200 3323 255 3369 DV
325 3322 356 3368 19
395 3324 427 3369 '20
447 3323 613 3381 aequinotium
629 3321 687 3367 DV
