2430 3998
860 247 948 331 ,Μ’

59 465 193 528 semper
215 441 352 507 altitudo
375 442 445 508 eius
469 441 608 524 excedit,
631 464 698 507 non
715 439 819 505 solum
839 462 922 505 nun·

60 577 161 639 quam
183 555 262 641 tegi,
275 553 345 620 'sed
368 577 429 619 nec
450 555 542 642 tangi
564 551 694 619 nivibus
717 551 825 617 valet’.

132 663 237 732 Solini
260 668 329 750 (22,
344 669 377 751 9)
402 667 615 732 assertionem
638 664 678 729 de
694 664 800 730 insula
815 660 924 751 Thqu

51 778 106 842 ‘in
131 762 194 862 qua
212 772 340 843 vaestivo
365 779 503 844 solstitio
527 778 596 844 sole
618 777 658 842 de
675 774 794 842 Cancri
815 755 923 841 sidere

60 890 204 954 faciente
226 873 401 955 transitum
424 914 490 955 nox
505 890 605 972 nulla,
628 888 768 953 brumali
784 875 922 953 solstitio

60 1000 198 1087 perinde
221 1001 330 1067 nullus
354 1001 435 1067 dies’
464 1000 654 1088 comprobat
668 1000 782 1065 Dicuil
805 1002 849 1083 (7,
869 1000 921 1081 10)

48 1114 248 1203 enarratione
272 1114 463 1179 clericorum
488 1112 703 1197 quorundam,
733 1135 752 1176 a
774 1110 922 1176 kalendis

60 1224 235 1290 Februarii
263 1248 368 1309 usque
391 1225 433 1290 ad
455 1225 613 1290 kalendas
637 1224 781 1311 Augusti
808 1224 844 1287 in
867 1213 924 1286 illa

61 1335 171 1409 insula
197 1336 403 1424 degentium,
431 1359 495 1421 qua
523 1338 708 1402 narratione
735 1343 823 1400 recte
849 1355 931 1419 per··

62 1471 169 1534 pensa
192 1447 327 1514 dubium
349 1449 474 1514 nullum
498 1472 570 1515 esse
593 1455 711 1534 potest,
738 1446 923 1513 Jslandiam
1037 1453 1042 1461 '

50 1547 204 1625 ‘insulam
241 1559 301 1626 sub
335 1561 433 1625 finem
461 1561 583 1626 saeculi
613 1560 719 1626 octavi
749 1582 768 1623 a
797 1558 923 1624 clericis

61 1668 243 1738 hibernicis
260 1672 421 1736 visitatam
438 1675 549 1739 fuisse.
575 1671 678 1757 (Letr.
694 1695 727 1757 p.
743 1672 805 1736 133
822 1673 907 1753 sqq.)

131 1780 303 1849 Letronnii
332 1784 575 1870 disquisitiones
604 1783 645 1847 de
674 1782 925 1870 cosmographia

62 1892 218 1960 Caesaris
242 1905 275 1960 et
297 1896 337 1962 de
361 1897 469 1962 missis
493 1896 681 1983 Theodosii,
704 1896 737 1959 in
761 1917 925 1960 commen-

59 2007 150 2071 tario
180 2011 274 2094 (pag.
293 2010 334 2075 25
352 2019 384 2073 et
400 2011 461 2090 31)
490 2010 685 2095 promissae,
715 2030 788 2073 cum
817 2007 924 2072 lucem

61 2141 133 2184 non
156 2118 309 2202 viderint⁷
331 2143 438 2206 pauca
462 2120 502 2185 de
526 2121 565 2186 iis
589 2119 750 2185 discenda
772 2128 857 2184 sunt.

134 2227 428 2317 Cosmographiae‚
464 2255 548 2316 quae
576 2233 636 2296 sub
663 2230 754 2295 «Iulio
782 2228 925 2294 Caesare

63 2351 99 2408 et
130 2341 248 2407 Marco
277 2343 423 2408 Antonio
458 2342 647 2408 consulibus
681 2341 766 2405 facta
793 2349 858 2421 est,
893 2350 926 2406 et

62 2475 172 2538 nuper
193 2453 228 2516 in
251 2453 375 2519 Diouili
398 2477 512 2519 manus
536 2457 640 2535 venit,
669 2456 720 2538 (6,
743 2454 786 2519 20
809 2463 842 2518 et
864 2454 923 2534 37)

64 2564 286 2630 adulteratum
307 2566 408 2632 fuisse
425 2567 591 2652 exemplar
604 2550 700 2632 facile
715 2565 923 2653 intellegitur.

64 2676 179 2741 Dicuil
209 2676 294 2741 enim
329 2678 362 2742 in
399 2663 647 2765 cosmographia
675 2679 822 2743 notitiam
852 2701 926 2763 rep-

63 2789 167 2874 perit,
196 2797 322 2872 partem
345 2789 416 2855 Nili
443 2789 585 2854 fluminis
609 2790 697 2854 exire
719 2790 752 2852 in
775 2789 926 2854 Rubrum

66 2922 156 2963 mare
180 2900 274 2964 iurta¹
287 2901 451 2965 civitatem
468 2898 648 2967 Olivamet
664 2910 771 2966 castra
784 2900 924 2987 Moysis,

67 2998 187 3093 (6‚'20)
212 3020 307 3078 nemo
331 3020 438 3078 autem
454 3012 582 3098 Moysis
607 3022 714 3078 castra
736 3013 768 3076 in
785 3013 926 3100 genuina

69 3118 220 3188 Caesaris
244 3122 497 3209 cosmographia
520 3135 664 3208 quaerat.
709 3124 836 3207 reliqua
858 3124 925 3188 fere

72 3234 177 3297 omnia
211 3257 251 3298 ex
280 3235 532 3322 cosmographia
563 3260 582 3301 a
610 3235 742 3300 Dicuilo
776 3234 928 3321 allegata,

1014 812 1030 843 G
1045 856 1046 859 ,
