2430 3998
46 922 225 991 nvomr
248 919 502 990 PROLOGVS
525 922 653 990 nram
681 923 745 990 nn
768 915 1000 994 maneval

339 1043 475 1113 onais
498 1045 698 1148 raanan.

66 1342 79 1386 1
160 1257 272 1387 Post
295 1327 527 1405 congregatam
551 1318 723 1404 epistolam
751 1319 791 1384 de
818 1342 916 1413 quae·
934 1261 1019 1398 Prlot.

65 1416 269 1490 aistionib'us
305 1422 416 1487 decem
453 1422 531 1491 artis
560 1423 791 1508 grammaticae
827 1423 917 1510 cogi-

62 1545 80 1592 a
105 1525 175 1591 tavi
197 1535 233 1591 ut
256 1525 341 1591 liber
363 1527 404 1591 de
427 1548 580 1592 mensura
602 1525 838 1611 provintiarum
865 1550 917 1593 or·

62 1649 80 1693 4
106 1628 158 1694 bis
189 1623 299 1694 'terrae
334 1638 542 1714 sequeretur,
576 1629 756 1695 secundum
786 1631 915 1695 illorum

60 1761 79 1808 5
106 1733 332 1798 auctoritatem
362 1755 444 1817 quos
472 1741 604 1799 sanctus
627 1732 834 1798 Theodosius
856 1734 916 1798 im-

61 1864 79 1909 e
105 1844 238 1921 perator
261 1837 304 1900 ad
326 1836 507 1922 provintias
522 1836 708 1922 praedictas
724 1859 916 1902 mensuran-

60 1966 78 2011 ἰ
107 1940 166 2005 das
190 1940 333 2021 miserat,
363 1948 396 2004 et
418 1941 510 2005 iuxta
531 1939 632 2004 Plinii
654 1937 800 2006 Secundi
821 1964 917 2027 prae-

57 2068 78 2113 a
105 2044 226 2108 claram
254 2044 479 2108 auctoritatem
508 2043 653 2128 ipsarum
681 2041 915 2109 dimensionem

58 2171 77 2216 s
104 2147 180 2212 volo
205 2147 362 2233 supplens
386 2145 570 2210 ostendere.

27 2273 77 2326 10
172 2248 239 2317 Sed
275 2250 403 2316 duabus
439 2249 546 2315 causis
582 2256 699 2312 contra
731 2256 916 2332 temporum
958 2259 987 2312 2st

27 2374 75 2426 11
104 2354 262 2419 rationem
297 2354 491 2439 scripturam
528 2351 703 2415 missorum
737 2351 916 2416 Theodosii

29 2475 77 2526 12
104 2457 213 2523 verbis
229 2457 329 2522 Plinii
344 2454 490 2523 Secundi
506 2444 620 2519 ordine
643 2453 808 2520 scribendi
822 2478 915 2540 prae-

31 2577 77 2630 la
104 2583 211 2646 pono,
241 2584 280 2626 eo
310 2558 399 2644 quod
426 2559 473 2623 illi
499 2559 532 2622 in
556 2557 716 2632 duodenis
739 2558 917 2625 novissime

32 2679 78 2729 14
105 2664 254 2729 versibus
289 2662 478 2749 diligentius
513 2662 654 2745 antiquis
683 2661 801 2727 fecisse
829 2662 919 2726 affir-

34 2779 78 2830 15
105 2775 197 2831 mant
220 2774 253 2830 et
275 2764 363 2849 quod
387 2765 585 2850 exemplaria
608 2762 758 2828 codicum
785 2771 917 2830 natura·

37 2882 80 2932 lo
105 2867 146 2933 lis
170 2867 324 2933 historiae
348 2868 447 2932 Plinii
465 2866 622 2948 Secundi,
645 2887 728 2949 quae
752 2876 920 2933 scrutatus

143 3092 158 3139 2
179 3093 262 3139 decim
269 3092 294 3138 D
344 3093 359 3139 Β
377 3088 566 3154 provintiarum]
577 3093 613 3137 sic
623 3091 652 3149 P,
665 3091 845 3151 prouinciarum
854 3090 920 3148 DV;

107 3165 132 3208 in
150 3162 298 3223 sequentibus
317 3163 371 3209 DP
382 3162 524 3223 pleramque
547 3162 684 3222 prouintia,
713 3161 919 3218 Vnoamquam*

109 3235 178 3316 etiam
191 3234 328 3352 prouilrlrcia,
348 3234 411 3295 qood
421 3232 493 3280 semel
504 3234 621 3279 monaste
632 3229 732 3292 sufficit
782 3260 784 3265 ι
797 3231 811 3276 8
832 3230 919 3277 dimis-

110 3317 202 3351 nonem
219 3305 244 3350 D
284 3322 286 3325 ·

736 3395 771 3440 1*
