2430 3998
428 168 444 207 d

180 253 184 259 ’
267 283 343 331 ᾗνιιι

282 459 396 518 vacua,
419 435 559 524 repertis
582 433 646 499 illis
670 430 828 518 supplevi.
863 427 923 494 sed
946 424 975 492 si
989 421 1139 508 quisquis

283 548 418 614 meliora
446 545 644 632 exemplaria
672 542 847 622 invenerit,
875 538 985 605 videat
1013 536 1041 602 si
1072 531 1140 619 pla·

284 660 397 742 cuerit,
418 682 460 724 ne
484 658 578 744 piger
601 655 764 741 corrigere
787 651 909 729 fuerit’.

351 770 399 837 Jn
421 770 541 837 Jndiae
571 762 788 854 descriptione
813 768 863 848 (6,
879 765 940 846 28)
965 785 1005 827 ex
1027 759 1141 828 Selino

187 874 201 898 i
284 882 444 969 allegatur
462 880 612 946 ‘minima
628 878 756 966 Gangis
779 875 916 942 latitudo
932 899 998 963 per
1015 895 1075 943 VIII
1096 896 1153 938 ms

284 1014 450 1079 passuum,
481 995 620 1060 maxima
642 1016 702 1081 per
725 1014 772 1061 xx
794 991 909 1078 patet’.
955 996 1069 1076 postea
1093 989 1141 1069 (7,

286 1106 346 1188 36)
375 1128 415 1170 ex
444 1106 558 1172 eodem
580 1105 695 1173 Solino
723 1105 859 1171 affertur
885 1101 943 1168 ‘de
969 1099 1163 1187 latitudine
1198 1138 1203 1146 -

286 1214 414 1305 Gangis
442 1217 584 1288 fluminis
613 1228 646 1282 et
666 1202 863 1305 Euphratis,
892 1238 989 1299 quam
1017 1213 1051 1277 in
1077 1213 1171 1278 isto'

214 1334 215 1339 ’
285 1328 369 1394 libro
392 1332 534 1418 scripsit,
557 1330 710 1397 dubitans
732 1328 850 1396 taeeo'.

352 1443 421 1510 Ubi
444 1444 686 1510 emendationes
697 1444 891 1534 ,manifestas
906 1439 1004 1507 habet
1017 1437 1143 1522 Dicuil,

285 1557 318 1620 in
342 1557 466 1622 incerto
490 1556 693 1639 relinquitur,
716 1567 825 1620 utrum
848 1553 1035 1619 melioribus
1051 1550 1144 1616 codi-

286 1668 377 1738 cibus
401 1693 442 1733 an
465 1669 608 1733 auctoris
631 1665 761 1753 ingenio
785 1664 972 1731 debeantur.
1012 1663 1145 1732 Solinus

286 1781 353 1861 (32,
369 1782 402 1861 8)
427 1778 467 1844 de
482 1778 563 1845 Nilo
585 1778 685 1845 fluvio
700 1802 871 1865 perperam
887 1780 985 1846 refert
1004 1777 1144 1863 ‘septem

285 1890 377 1955 ostiis
408 1890 576 1982 conditur,
605 1892 637 1956 in
661 1895 822 1956 meridiem
844 1914 958 1957 versus
982 1891 1145 1975 excipitur

286 2000 453 2088 Aegyptio
482 2004 587 2067 mari’.
640 2004 727 2070 idem
757 2027 847 2069 error
881 2005 1023 2069 occurrit
1055 2001 1144 2087 apud

164 2195 170 2209 ,
285 2111 455 2179 dsidorum
490 2114 720 2202 Hispalensem
749 2117 964 2198 ,(13,.21,7)
991 2116 1146 2201 ‘apparet

286 2234 393 2292 autem
423 2227 457 2291 in
485 2227 597 2306 Nilide
627 2228 717 2310 lacu,
752 2228 793 2294 de
828 2251 890 2312 quo
920 2228 953 2292 in
980 2231 1142 2292 meridiem

172 2352 174 2355 ’
285 2360 400 2404 versus
424 2341 587 2425 excipitur
609 2340 787 2428 Aegypto’.
838 2351 926 2408 reete
950 2347 1057 2406 autem
1081 2341 1142 2405 Di-

285 2449 350 2514 euil
374 2453 453 2534 (6‚1
478 2452 557 2539 )‘in
579 2457 825 2534 septentrionem
847 2477 962 2520 versus
982 2452 1144 2538 excipitur

196 2560 197 2564 ¹
283 2564 451 2651 Aegyptio
473 2565 563 2629 mari.

353 2677 429 2741 Alio
457 2676 531 2742 loco
561 2680 611 2760 (9,
632 2683 669 2761 6)
704 2680 812 2745 aerius
840 2680 1011 2767 impugnat
1037 2675 1142 2745 Solini

269 2791 358 2883 tid,
374 2792 410 2874 8)
441 2790 627 2876 opinionem
661 2792 702 2858 de
731 2793 866 2857 Atlante
900 2800 1009 2856 monte
1036 2787 1142 2872 ‘quod

275 2901 370 2969 rdtra
393 2902 506 2981 nubila
527 2912 625 2989 caput
646 2904 769 2988 condit,
793 2914 825 2970 et
840 2902 928 2988 quod
944 2912 1057 2968 vertex
1072 2903 1141 2967 eius

285 3036 413 3099 semper
446 3013 586 3081 nivalis’.
645 3019 698 3083 eui
728 3019 776 3083 sic
809 3019 1001 3085 adversatur
1029 3013 1141 3083 Dieuil

279 3123 321 3191 ‘si
342 3135 456 3192 vertex
485 3129 554 3194 eius
578 3151 706 3217 semper
732 3133 848 3199 nivalis
877 3141 944 3211 est,
972 3139 1142 3194 transcen·

282 3236 360 3304 dere
384 3261 514 3330 semper
543 3244 647 3313 nubes
675 3268 741 3310 non
770 3253 893 3330 potest,
922 3251 955 3306 et
973 3242 1011 3307 'si
1038 3242 1141 3307 nubes

493 3356 501 3394 l
