2430 3998
285 341 322 396 34
1022 348 1047 411 6,
1059 349 1073 394 7
1083 348 1178 412 Letr·

283 498 351 564 lum
375 501 528 564 continua
554 501 705 564 uuitatet
730 498 833 565 flectit
862 501 993 566 nonnisi
1021 511 1090 566 toto
1146 522 1166 566 1

285 603 431 688 corporis
452 604 670 671 circumactu.
723 604 825 668 multa
856 602 897 669 de
926 627 965 670 ca
993 607 1091 671 mira:
1143 624 1164 670 2

284 707 424 792 primum
448 707 538 790 quod
560 709 708 792 sequitur
732 696 861 773 stabula
877 717 1045 792 pastorum
1061 719 1092 774 et
1141 726 1161 772 s
1208 712 1210 716 ’

285 809 398 876 auditu
426 811 559 889 assiduo
589 812 730 877 addiscit
757 833 914 876 vocamen
942 835 1008 896 quo
1023 832 1092 876 ex·
1140 827 1162 873 4

284 913 424 998 primere
446 918 553 1001 possit
573 916 786 981 imitationem
808 916 897 981 vocis
921 915 1091 997 humanae,
1141 931 1159 979 5

285 1033 323 1087 ut
344 1024 378 1086 in
401 1021 562 1088 hominem
585 1030 660 1089 astu
689 1020 829 1084 accitum
858 1028 956 1085 nocte
980 1020 1091 1085 seviat.
1142 1033 1160 1078 c

285 1125 427 1192 vomitus
450 1145 580 1209 quoque
595 1124 753 1188 humanos
768 1123 923 1188 mentitur
936 1116 1092 1207 falsisque
1141 1133 1158 1177 ‘1

286 1228 484 1315 singultibus
517 1228 709 1293 sollicitatos
743 1250 840 1293 canes
868 1228 916 1293 sic
946 1225 1092 1309 devorat,
1141 1238 1158 1283 8
1199 1279 1200 1318 3

188 1344 192 1347 “
287 1332 344 1416 qui
376 1334 461 1397 forte
496 1332 523 1397 si
552 1336 708 1398 venantes
736 1330 886 1398 umbram
914 1331 984 1399 eius
1016 1331 1092 1396 dum
1142 1341 1158 1386 9
1199 1322 1213 1371 1

287 1445 441 1501 secuntur
463 1437 668 1521 contigerint,
691 1437 809 1499 latrare
831 1443 998 1516 nequeunt
1012 1457 1093 1500 voce
1120 1441 1159 1492 10
1195 1491 1196 1495 ,

193 1546 263 1618 134
287 1538 424 1624 perdita.
474 1539 587 1604 eadem
617 1539 714 1604 hiena
740 1538 948 1622 inquisitione
976 1560 1093 1623 corpo·
1120 1549 1157 1598 11
1210 1553 1211 1559 ¹

287 1665 359 1707 rum
397 1643 598 1728 sepultorum
635 1641 733 1708 busta
755 1641 866 1708 cruit.
925 1653 1094 1726 praeterea
1120 1651 1181 1713 1‘l¹

287 1746 469 1832 promptius
492 1754 543 1811 est
564 1768 686 1810 marem
707 1764 840 1831 capere:
863 1745 991 1812 feminis
1007 1747 1093 1811 enim
1121 1758 1158 1808 1³
1185 1795 1186 1799 ,

286 1849 432 1935 ingenita
445 1857 505 1914 est
528 1849 674 1914 callidior
688 1850 818 1914 astutia.
856 1850 995 1915 varietas
1011 1851 1094 1915 mul-
1121 1858 1161 1908 14
1179 1863 1189 1932 ᾗ

286 1952 389 2036 tiplex
412 1952 498 2016 inest
518 1954 622 2018 oculis
646 1953 857 2038 colorumque
875 1953 1021 2018 motatio.
1059 1955 1094 2018 iu
1122 1963 1161 2014 lt

288 2056 384 2120 cuius·
403 2055 539 2141 pupulis*
564 2056 647 2140 lapis
669 2057 856 2140 invenitur,·
874 2057 1015 2122 hieniam
1045 2056 1094 2121 di-
1123 2067 1162 2116 16
1187 2134 1188 2140 ¹

288 2166 378 2240 cunt,
401 2158 585 2243 praeditum
607 2159 664 2224 illa
685 2169 846 2245 potestate
869 2169 906 2226 ut
928 2161 1020 2226 cuius
1036 2161 1094 2226 ho-
1122 2172 1162 2224 1⁷

287 2262 384 2327 minis
406 2262 537 2349 liuguae
558 2263 656 2328 fuerit
677 2263 839 2347 subditus,
861 2264 1029 2350 praedicat
1044 2265 1095 2330 fu·
1122 2274 1161 2326 18

287 2377 369 2433 tura.
405 2385 518 2432 verum
539 2368 635 2435 hiena
657 2367 888 2452 quodcumque
912 2369 1031 2434 animal
1044 2378 1095 2435 ter
1123 2379 1180 2432 19,

287 2470 474 2534 lustraverit
485 2493 615 2534 movere
630 2493 666 2535 se
677 2493 743 2536 non
753 2482 879 2558 potest:
897 2482 1096 2558 quapropter
1120 2483 1161 2540 2⁰

326 2693 339 2736 1
360 2690 437 2737 flectit
453 2690 559 2752 nonnisi]
577 2693 690 2754 flectique
708 2710 757 2743 non
776 2698 831 2754 quit
848 2697 895 2743 nisi
914 2695 1000 2754 Solia,
1030 2699 1095 2746 flecti

289 2775 338 2808 nou
358 2762 411 2820 quit
428 2762 475 2808 nisi
493 2761 560 2809 Letr.
619 2766 770 2814 tuoeamus
787 2767 809 2812 V
863 2768 914 2814 45
939 2769 1006 2827 quod
1025 2784 1095 2829 expr.

290 2847 314 2892 p.
333 2833 471 2879 imitatione
490 2831 568 2880 Solia.
658 2839 673 2883 8
692 2839 728 2884 sic
747 2851 820 2885 canes
837 2836 916 2885 Solio.
1008 2842 1023 2884 9
1043 2842 1097 2888 eius

290 2901 357 2964 dum]
368 2905 403 2949 ric
415 2904 482 2950 Letr.
498 2919 549 2950 cum
562 2905 654 2963 Soliac,
675 2909 782 2956 ciusdem
795 2909 864 2956 codd.
938 2909 969 2954 10
989 2923 1096 2970 sequun-

289 2978 329 3018 tur
347 2973 405 3032 editi
479 2976 508 3020 ll
538 2976 617 3034 hyena
635 2978 701 3024 Lctr.
778 2981 808 3026 13
836 2980 956 3038 promtius
974 2981 1011 3039 Ι),
1039 2996 1098 3041 pro·

213 3096 220 3110 .
289 3044 345 3089 nius
358 3041 435 3089 Solia.
518 3046 664 3094 ltmutatio
690 3050 823 3096 corr.Pet
835 3051 892 3097 editi
966 3052 996 3097 16
1017 3051 1101 3115 cuius}

281 3124 392 3172 ‘quorum
412 3112 488 3158 Solia.
524 3114 534 3158 ΙΙ
568 3117 666 3176 populis
685 3117 760 3180 (corr.
780 3119 889 3181 pupulis)
914 3122 966 3166 DP
1000 3122 1010 3168 ΙΙ
1039 3131 1098 3182 post

289 3183 353 3242 lapis
374 3183 430 3229 DV
448 3184 539 3230 addunt
560 3186 632 3234 hiena
661 3189 671 3234 ll
705 3190 822 3255 hieniam]
837 3195 873 3238 aio
887 3192 943 3250 DP,
966 3194 1050 3240 hienia
1070 3195 1097 3252 V,

289 3256 398 3301 trienium
423 3253 521 3313 Walck„
551 3257 681 3317 hyaenium
699 3260 766 3307 Letr.
853 3266 884 3310 19
912 3265 1010 3322 hyaena
1027 3266 1098 3314 Lctr.

291 3325 323 3371 20
343 3332 504 3386 quaepropter
520 3327 546 3372 D
