2430 3998
285 337 320 391 22
1024 331 1051 394 6,
1064 334 1078 378 1
1090 332 1154 378 Letr.

209 508 262 573 24
351 490 452 555 Nilus
488 491 603 574 incipit
639 510 787 554 crescere
825 511 845 551 a
881 486 960 550 luna
995 508 1096 567 nova,
1139 509 1151 554 1

286 616 511 679 quaecumque
548 601 625 678 post
657 591 832 656 solstitium
868 600 935 670 est,
971 589 1095 653 sensim
1136 608 1150 653 2

286 699 478 780 modiceque
502 718 656 760 cancrum
679 693 747 758 sole
767 702 968 774 transeunte,
992 692 1096 756 abun·
1138 716 1151 761 a

286 801 475 865 dantissime
498 808 606 862 autem
627 797 767 877 leonem,
790 807 823 860 et
845 796 960 860 residit
981 796 1014 859 iu
1031 796 1096 858 vir·
1137 818 1152 861 4

286 906 361 991 gine
383 903 489 968 isdem
512 903 632 986 quibus
655 902 798 972 accrevit
821 899 936 964 modis.
986 898 1021 961 in
1044 909 1095 962 to-
1138 917 1152 962 c

285 1018 356 1070 tum
379 1016 488 1071 autem
513 1016 686 1069 revocatur
712 1005 799 1068 intra
826 1005 916 1087 ripas
942 1003 978 1065 in
999 998 1096 1081 libra,
1138 1021 1151 1064 c

227 1121 245 1176 5
287 1121 324 1173 ut
350 1108 450 1172 tradit
477 1108 685 1189 Herodotus,
714 1107 890 1171 centesimo
920 1105 983 1170 die.
1029 1127 1096 1188 quo
1139 1122 1152 1166 7

286 1213 422 1293 cfescit,
449 1235 544 1298 reges
573 1221 630 1275 aut
656 1211 840 1296 praefectos
870 1209 1025 1294 navigare
1057 1231 1096 1271 eo
1142 1227 1155 1272 s

286 1316 378 1381 nefas
402 1314 612 1379 diiudicatum
636 1325 697 1380 est.
747 1324 864 1377 auctus
894 1335 953 1396 per
977 1320 1097 1396 puteos
1140 1328 1153 1372 a

286 1441 458 1484 mensurae
481 1419 566 1483 notis
589 1416 855 1503 deprehenditur.
900 1417 1023 1480 iustum
1047 1417 1097 1479 in·
1124 1433 1152 1477 ιο

287 1530 491 1586 crementum
524 1522 710 1585 cubitorum
742 1541 803 1587 ΧΠ
832 1530 893 1584 est.
952 1520 1096 1584 minores
1123 1534 1152 1579 11

288 1647 391 1708 aquae
407 1647 474 1687 uon
489 1625 598 1688 omnia
612 1624 732 1710 rigant,
755 1622 930 1708 ampliores
948 1622 1098 1687 detinent
1124 1641 1152 1684 ιι

287 1727 413 1792 tardius
447 1727 641 1792 recedendo.
692 1727 754 1792 hae
788 1725 918 1790 serendi
949 1736 1098 1810 tempora
1125 1741 1153 1786 rs

290 1840 461 1895 assumunt
495 1830 565 1894 solo
598 1830 765 1910 madente,
803 1830 879 1893 illae
916 1851 983 1892 non
1018 1828 1098 1893 dant
1124 1847 1153 1891 14

291 1933 432 1998 sitiente:
467 1941 639 2016 utrumque
673 1942 803 2019 reputat
834 1933 1008 2018 provintia.
1064 1933 1097 1995 in
1125 1951 1153 1997 15

291 2034 463 2099 duodecim
475 2036 595 2101 cubitis
604 2037 723 2100 famem
734 2037 843 2117 sentit,
858 2037 892 2099 in
904 2057 965 2102 xm
978 2036 1097 2099 esurit:
1124 2053 1154 2098 16

290 2159 364 2205 xlm
386 2138 488 2202 cubiti
510 2139 704 2204 hilaritatem
728 2139 877 2217 afferunt,
905 2160 952 2205 xv
976 2139 1099 2202 securi·
1126 2159 1154 2204 ιι

289 2249 401 2321 tatem,
415 2262 475 2308 xvl
493 2241 636 2307 delicias.
669 2243 846 2306 maximum
860 2243 1099 2306 incrementum
1126 2261 1156 2306 18

291 2345 420 2409 abhoc
448 2367 529 2410 aevo
559 2345 619 2409 fuit
648 2345 834 2410 cubitorum
862 2364 934 2412 xvn
957 2343 1099 2409 Claudio
1127 2365 1156 2410 19

329 2472 341 2514 1
361 2469 484 2529 Nilus-p·
496 2472 538 2526 23,
553 2474 567 2517 6
582 2469 663 2532 auras]
673 2470 738 2517 Ptin.
748 2472 773 2528 5,
784 2472 828 2517 57.
838 2473 873 2517 58
919 2475 931 2519 1
952 2486 1023 2518 acm.
1034 2470 1100 2516 Plio.

247 2559 249 2562 ·
293 2541 307 2584 3
327 2541 421 2585 modice
440 2553 502 2597 quae
520 2542 544 2586 P
618 2541 632 2586 5
652 2540 739 2603 isdem]
756 2545 792 2587 ric
809 2543 868 2599 ΠΡ,
894 2543 989 2588 hisdem
1006 2542 1032 2597 V,
1057 2542 1100 2586 iis-

292 2609 347 2653 dem
365 2609 424 2654 editi
441 2623 493 2654 cram
511 2610 575 2658 Ptin.
639 2612 653 2656 7
677 2609 739 2674 quo]
753 2626 808 2658 cum
827 2613 891 2658 Plio.
959 2615 973 2658 8
994 2610 1047 2672 aut]
1064 2613 1100 2657 σίσ

291 2678 368 2733 Leton,
405 2684 485 2725 autem
505 2681 583 2739 codd,
614 2689 695 2728 autem
714 2689 739 2727 et
755 2683 845 2728 Walck.
873 2684 883 2731 ΙΙ
911 2684 1029 2743 praefecti
1047 2681 1104 2727 DV

294 2749 308 2793 9
327 2750 460 2796 iudicatum
478 2749 545 2797 Plio.
609 2753 639 2797 10
659 2754 872 2812 deprehenduntur
891 2755 955 2799 Lctr.
969 2767 1021 2798 cum
1033 2751 1100 2796 Ptin.

294 2820 325 2864 ll
346 2826 384 2867 est
395 2834 440 2866 om.
453 2821 476 2866 P
487 2822 554 2884 iditi;
573 2822 666 2868 Plinius
674 2825 745 2881 ponit
758 2830 813 2869 ame
825 2825 963 2870 cubitorum
1002 2823 1033 2867 13
1054 2823 1101 2867 hae

292 2888 404 2953 serendi]
425 2893 460 2936 sic
483 2894 550 2940 Letr.
575 2907 626 2938 cum
643 2893 716 2950 Plio„
745 2895 851 2941 herendo
870 2894 947 2948 codd,
975 2893 1100 2938 haerendo

297 2960 389 3006 Walek.
470 2964 502 3008 14
531 2970 660 3024 apsumunt
677 2963 741 3009 Ptin.
760 2965 770 3009 ΙΙ
790 2979 839 3012 non
858 2962 926 3025 dant]
942 2963 1066 3009 inundant
1084 2962 1103 3006 V

295 3030 486 3092 matrumque]
507 3036 542 3078 sic
560 3035 635 3090 Letr„
663 3036 784 3093 utrimque
803 3035 871 3080 codd
899 3034 909 3079 ΙΙ
934 3039 1063 3091 reputatur
1081 3033 1105 3078 P

261 3144 271 3157 ,
294 3100 327 3152 16
342 3106 400 3158 port
418 3113 466 3147 1111
483 3101 577 3149 Plinius
595 3103 664 3149 addit
682 3107 814 3150 etiamnum
875 3106 906 3150 17
927 3104 1011 3149 cubita
1034 3101 1101 3148 Plio.

196 3173 270 3243 :·-:³
295 3170 326 3219 18
348 3172 492 3220 incremmm
512 3173 536 3218 D
602 3175 633 3221 19
653 3173 695 3236 ab]
712 3177 742 3221 :d
760 3176 792 3232 Ι),
812 3177 844 3221 ud
864 3176 929 3220 [σιν.
949 3189 1001 3219 cum
1019 3172 1102 3219 Plinio

195 3233 280 3310 ;;;ῖν
287 3232 366 3312 tuoe]
384 3242 428 3288 ιιιι
448 3243 472 3288 n
490 3242 500 3289 ιι
517 3245 571 3290 aevi
590 3244 656 3290 noer.
680 3244 690 3290 ιι
711 3243 774 3308 nu]
791 3259 856 3291 xvm
873 3244 938 3292 Ptin.
957 3244 967 3289 ιι
985 3241 1104 3306 claudio]

196 3320 204 3366 ζ
239 3321 248 3364 ζ
293 3309 405 3364 Cluuium
423 3312 449 3365 D
