2386 3996
30 267 119 356 BlLetr.
828 313 863 368 37

49 486 161 545 unum.
200 463 307 529 influit
327 467 362 531 in
385 489 473 532 mare
498 463 718 531 Oicladarum.
764 468 865 533 currit

49 589 110 652 per
135 567 225 631 milia
248 589 440 638 ccccxcvn.

56 725 69 732 ,⁴
115 670 254 749 Fluvius
291 672 435 738 Eurotas
482 675 629 739 nascitur
665 673 699 736 in
739 675 863 759 campis
888 691 915 758 e,
923 697 957 751 41

48 772 213 860 Phrigiae.
239 774 345 840 influit
360 776 395 840 in
411 799 499 841 mare
511 777 726 864 Tyrrhenum.
761 777 864 851 currit

50 899 108 961 per
131 877 219 942 milia
242 898 411 947 noooxxv.
509 950 510 953 ,
854 956 856 959 ,

114 981 253 1046 Fluvius
277 982 399 1047 Tanais
423 985 571 1048 nascitur
598 984 634 1048 in
656 993 765 1050 monle
787 984 862 1071 Hy·
904 1002 940 1056 42

49 1083 203 1170 perborei
238 1084 368 1170 Riphei.
431 1109 491 1171 per
524 1087 690 1155 Meotidas
723 1088 861 1174 paludes

49 1188 161 1253 exiens
184 1186 291 1252 influit
313 1191 348 1253 in
370 1188 536 1255 Euxinum
559 1191 710 1255 Pontum.
758 1193 887 1258 currit*

47 1314 107 1376 per
136 1291 225 1356 milia
249 1286 376 1361 nomn(

114 1394 328 1462 Boristhenes
357 1396 504 1461 nascitur
531 1396 564 1459 in
592 1406 701 1462 monte
728 1397 861 1483 Hyper·
903 1421 940 1475 43

47 1499 158 1565 berec.
210 1498 317 1564 influit
344 1501 378 1564 in
405 1522 496 1564 mare
519 1499 704 1564 Ponticum.
756 1502 860 1566 currit

45 1620 120 1688 per*
136 1602 230 1680 milia¹
254 1623 329 1672 ccx.
763 1587 765 1592 Ι
829 1609 830 1614 ’

114 1705 287 1791 Sperthius
303 1707 448 1787 nascitur
463 1708 497 1770 in
509 1716 617 1772 moute
629 1707 858 1773 Macedoniae.
902 1723 938 1776 44

44 1809 153 1874 influit
180 1811 212 1874 in
242 1833 330 1874 mare
354 1811 514 1896 Aegeum.
566 1810 668 1874 currit
689 1834 749 1896 per
767 1811 860 1887 milia

43 1935 126 1983 DCII.

114 2016 264 2102 Alpheus
297 2017 443 2080 nascitur
476 2018 510 2080 in
545 2019 670 2103 campis
699 2019 862 2083 Achaiae.
900 2026 936 2080 45

43 2108 153 2184 influit
167 2121 201 2183 in
216 2143 304 2185 mare
319 2120 537 2206 Tyrrhenum.
577 2122 680 2184 currit
695 2144 754 2206 per
770 2112 859 2186 milia

43 2244 208 2292 cccchxx.

112 2328 283 2392 Achiloius
307 2327 453 2393 nascitur
475 2327 510 2391 in
528 2327 650 2411 campis
666 2323 770 2409 Epiri.
808 2324 858 2388 in·
900 2331 936 2384 46

71 2538 95 2580 ,1
116 2532 281 2592 cycladarum
300 2534 323 2578 P
339 2533 396 2579 editi
450 2534 466 2579 4
485 2530 610 2596 Phrigiae]
627 2534 661 2578 aie
673 2532 714 2597 D„
737 2531 857 2591 phrygiae

42 2602 133 2663 reliqui
168 2604 178 2649 ll
213 2610 336 2663 tyrranum
352 2602 406 2649 DV
547 2603 560 2650 5
583 2598 730 2664 mcccxxv]
747 2599 856 2648 cccxxv

41 2676 148 2732 Honor„
177 2687 245 2721 cccc
264 2675 331 2720 Aeth.
403 2677 417 2720 6
439 2676 452 2719 7
483 2675 653 2735 Hyperboraei
671 2675 784 2734 Riphaei.
813 2687 857 2732 per

41 2746 181 2806 Maeotidas
200 2746 267 2792 Letr.
343 2745 373 2791 10
394 2743 560 2807 Botisthenes]
577 2747 612 2790 aie
630 2744 691 2800 dedi,
722 2744 856 2790 boristenes

42 2815 124 2872 codd„
144 2817 293 2877 Borystenes
307 2814 406 2873 Walck„
425 2816 591 2876 Borysthenes
603 2815 670 2861 Lair.
710 2815 741 2858 10
758 2816 788 2860 11
803 2814 856 2874 Hy-

40 2884 173 2948 perboreo]
194 2889 228 2932 sie
247 2888 283 2944 D,
321 2887 466 2945 hiperboreo
489 2886 546 2943 PV,
586 2885 764 2946 Hyperboraeo
787 2884 855 2930 Letr.

45 2959 78 3004 13
108 2955 239 3016 Sperchios
262 2958 338 3014 Leia,
366 2958 466 3003 Porcius
488 2957 558 3003 deth.
586 2956 595 3002 ll
622 2962 677 3002 ante
697 2955 855 3009 Macedoniae

40 3030 112 3074 Lelr.
131 3027 189 3074 add.
210 3027 281 3085 Oeta,
300 3027 369 3073 Aeta.
391 3028 447 3074 add.
466 3028 516 3075 dda
581 3031 613 3075 14
632 3025 752 3089 Aegeum]
768 3029 808 3072 sic
821 3026 854 3084 D,

41 3112 130 3159 egeam
143 3099 198 3156 PV,
219 3099 343 3158 Aegaeum
355 3098 423 3145 Lair.
480 3102 510 3145 16
529 3099 690 3146 AlfeuaHon.
744 3097 855 3144 17111-

39 3183 128 3216 renum
146 3170 178 3228 D,
207 3172 341 3217 tirrhenum
360 3169 388 3226 P,
417 3171 579 3230 tyrrenan
662 3171 691 3216 19
717 3163 857 3225 Achiloius]

39 3241 77 3288 sic
96 3240 154 3296 ΒΡ,
174 3241 286 3287 achileus
303 3240 328 3298 V,
348 3239 471 3287 Achelous
489 3242 565 3299 Leon,
584 3239 689 3286 Acelous
708 3237 772 3283 Hoa.
785 3234 857 3280 Aello.

39 3311 50 3357 ll
65 3308 147 3371 Epiri]
165 3313 200 3356 aio
218 3313 294 3367 Leia,
323 3311 409 3371 ephyri
428 3312 497 3358 codd.
