2430 3998
57 316 83 380 l,
96 319 120 364 1.
131 319 146 363 2
157 317 225 366 Letr.
913 324 930 377 7

78 498 91 542 1
184 470 350 559 -Hispar'lia
373 475 506 556 ulterior
520 477 631 543 finitur
646 476 687 542 ab
702 477 826 543 criente
843 479 929 546 saltu

75 597 92 642 a
121 576 298 661 Pyrroneo,
321 578 363 644 ab
387 579 557 647 occidente
575 580 685 645 Noica
707 601 790 664 quae
813 581 930 648 estad
1032 589 1036 593 “

75 699 92 744 3
121 701 280 746 oceanum
296 682 337 771 'in
360 681 495 764 directa,
518 707 538 747 a
553 684 775 769 septentrione
794 707 929 768 oceano,

75 806 93 850 4
121 808 141 849 a
170 773 304 855 meridie
332 786 414 850 mari
442 783 650 853 Celtiberico.
696 787 870 876 longitudo
893 811 929 872 n,

77 912 93 960 s
121 887 261 952 latitudo
285 908 337 958 cc.
415 955 416 958 ,
856 948 858 951 .

76 1017 93 1062 c
188 990 297 1057 Gallia
324 990 461 1059 Comata
490 1016 564 1059 cum
592 994 928 1062 insulis=1Brittanicis
955 1007 1005 1078 1,ss

77 1118 93 1165 7
120 1096 233 1162 finitur
255 1096 296 1161 ab
321 1098 445 1163 oriente
466 1094 598 1163 flumine
621 1097 751 1180 Rhen0,
774 1098 816 1164 ab
840 1099 928 1164 occi-

76 1220 92 1266 s
121 1200 217 1267 dente
229 1202 409 1287 Pyrreneo,
425 1225 444 1266 a
459 1197 680 1287 septentrione
695 1224 818 1268 oceano
835 1203 928 1286 mari,

77 1328 92 1372 e
120 1329 139 1370 a
168 1305 302 1370 meridie
325 1305 487 1371 Rhodano
514 1313 548 1371 et
574 1306 739 1372 montibus
764 1303 928 1371 Cebenni-

58 1434 92 1480 ιο
120 1410 179 1475 cis.
216 1409 419 1496 longitudine
441 1410 507 1475 mil.
524 1432 611 1494 pass.
630 1429 858 1492 dccccxxvlu,
881 1399 928 1474 la

57 1536 90 1580 11
119 1513 268 1579 titudine·
289 1533 445 1587 cccnxnl·
507 1515 598 1578 iuxta
629 1513 771 1578 Plinium
801 1512 928 1580 Secun-

56 1643 91 1688 12
120 1617 198 1684 dum
243 1619 277 1683 in
321 1626 438 1702 quarto
482 1617 566 1683 libro
611 1619 646 1683 in
667 1623 669 1629 '
688 1616 928 1704 longitudinem
984 1706 987 1710 Ι

55 1745 91 1791 ia
118 1741 286 1804 noccoxx,
308 1721 343 1785 in
365 1721 570 1787 latitudinem
593 1742 725 1792 occvm.

56 1850 91 1896 14
132 1846 134 1850 ’
184 1825 355 1890 Provintia
369 1823 598 1905 Narbonensis
618 1827 729 1890 finitur
744 1825 785 1890 ab
801 1825 926 1893 oriente

55 1954 90 2001 15
118 1928 278 2014 Alpibus,
307 1929 347 1994 ab
376 1928 548 1994 occidente
577 1930 662 1994 saltu
688 1929 874 2015 Pyrreneo,
908 1951 927 1994 a

54 2056 89 2102 1s
118 2034 338 2118 septentrione
359 2032 479 2099 finibus
494 2033 731 2105 Viennensium
754 2026 787 2099 et
809 2032 928 2097 monti-

54 2158 88 2204 17
118 2137 192 2202 bus,
209 2126 422 2220 Cebennicis,
457 2161 477 2214 a
509 2136 644 2202 meridie
661 2138 756 2202 ''mari
785 2135 925 2203 Gallico.

55 2265 89 2310 ιε
116 2240 288 2328 longitudo
310 2242 399 2307 milia
413 2263 570 2327 passuum
586 2260 764 2322 cccxxxiv,
786 2238 925 2304 latitudo

56 2369 89 2415 re
118 2365 310 2414 cuxxxvnu.
367 2346 459 2413 iuxta
492 2343 636 2409 Plinium
670 2342 858 2410 Secundum
892 2342 928 2407 in

54 2473 89 2520 20
118 2448 232 2514 eodem
248 2447 487 2536 longitudinem
502 2436 684 2533 provintiae
698 2445 926 2513 Narbonensis

54 2581 88 2626 21
119 2573 251 2622 ccccxx
280 2576 437 2639 passuum
465 2553 615 2640 Agrippa
640 2550 785 2634 tradidit,
818 2550 927 2614 latitu-

54 2683 89 2729 22
118 2656 227 2722 dinem
251 2676 429 2725 ocoxnvm.

155 2818 294 2881 lvnlterior]
305 2820 402 2866 citerior
414 2819 480 2865 Letr.
538 2819 552 2864 2
566 2815 696 2879 Pyrreneo]
707 2819 743 2862 sic
754 2814 810 2861 DV
824 2813 924 2870 Walck,

118 2905 251 2951 pyrrenaeo
270 2891 299 2949 P,
330 2890 456 2950 Pyrenaeo
474 2889 542 2935 Letr.
561 2883 588 2934 et
601 2890 636 2934 cic
654 2887 762 2945 deinceps
829 2887 845 2930 4
864 2885 926 2931 muri

117 2977 162 3007 cm.
183 2962 242 3008 editi
268 2961 278 3007 ΙΙ
302 2960 433 3020 longitudo
456 2975 502 3006 om·
521 2959 599 3017 codd,
627 2958 683 3003 odd.
703 2958 770 3004 Letr.
801 2956 810 3001 ll
831 2962 890 3014 post
907 2968 925 3000 n

118 3033 176 3079 editi
194 3032 287 3078 addant
305 3046 338 3078 m.
357 3046 381 3091 p.
490 3031 504 3077 ὃ
529 3036 587 3089 post
605 3042 637 3076 co
662 3027 754 3077 Walou
772 3026 828 3073 cdd.
848 3041 880 3072 m.
900 3040 925 3085 p.

120 3104 133 3149 6
153 3100 307 3164 Brittaniois]
323 3105 358 3149 sic
371 3101 449 3159 codd,
478 3101 627 3148 Britannicis
644 3099 712 3146 [κεν.
763 3100 776 3144 9
796 3099 889 3143 rodano
907 3095 930 3142 V

120 3174 151 3218 10
171 3175 223 3221 mil.
243 3188 307 3232 pass.
326 3188 371 3218 om.
390 3173 457 3219 Lete.
498 3188 501 3193 ·
519 3174 550 3220 11
571 3169 687 3233 Plinium]
705 3168 738 3229 cf.
751 3167 851 3224 Plial,
863 3164 923 3222 105,

117 3244 157 3291 abi
175 3247 274 3291 numeri,
286 3259 302 3289 a
318 3243 468 3304 sequentidca
486 3242 574 3289 diomi
593 3241 712 3307 loquatur.
790 3239 821 3282 13
840 3237 925 3282 latitu-

119 3314 175 3362 dine
192 3317 216 3361 D
292 3315 322 3361 15
342 3315 487 3360 hoccidente
505 3313 529 3358 D
601 3313 632 3358 21
654 3323 770 3371 passuum
792 3319 837 3353 om.
856 3307 923 3353 Letr.

118 3385 128 3432 ll
136 3383 256 3446 Agrippa]
273 3385 338 3444 apud
355 3384 420 3432 Plio.
433 3384 458 3441 3,
478 3383 520 3431 37.
