2430 3998
291 298 328 381 oo
1031 311 1169 379 zoam
1202 346 1204 353 Α

292 505 365 549 rum
387 480 421 544 in
443 476 661 566 longitudine,
689 473 749 542 sed
776 480 810 538 et
838 493 919 556 quos
948 470 1097 537 nsiteres
1147 486 1158 530 ι

293 566 498 669 nuncunaut,
530 582 584 666 qui
609 600 757 651 enormes
787 599 887 662 supra
909 574 1028 641 molem
1050 573 1098 636 in·
1142 593 1155 638 a
1209 608 1212 650 ς

293 688 438 775 gentium
462 685 687 777 columnarum
709 682 794 746 ultra
808 688 977 745 antemnas
993 699 1028 742 se
1043 698 1099 739 na·
1139 693 1153 738 o
1206 712 1208 748 2

293 790 381 856 vium
415 789 575 854 extollunt
608 785 806 869 haustosque
833 783 952 848 fistulis
981 779 1099 844 fluctus
1139 794 1152 837 t
1204 819 1212 857 r

294 896 339 958 ita
362 901 511 958 eructant
534 901 570 955 ut
596 887 746 959 nimbosa
768 877 886 953 alluvie
908 886 1099 972 plerumque
1140 893 1151 938 b

296 995 480 1083 deprimant
503 995 612 1061 alveos
635 992 869 1079 navigantium.
928 1049 929 1052 ,
1140 999 1151 1043 t
1203 1013 1213 1060 ε(

202 1107 225 1173 7,
237 1111 270 1164 26
361 1098 461 1164 Jdem
485 1098 595 1164 Julius
623 1095 721 1185 paulo
749 1103 841 1180 post:
870 1090 1099 1178 Taprobanam
1140 1099 1151 1144 ⁷
1203 1118 1213 1143 π

295 1203 451 1283 insulam,
482 1209 653 1283 autequam
684 1198 848 1262 temeritas
875 1196 1019 1260 humana
1045 1216 1099 1267 ex·
1141 1198 1153 1242 ⁸
1187 1204 1207 1256 ἰ

292 1306 416 1390 quisito
444 1304 573 1390 penitus
597 1302 683 1367 mari
709 1301 808 1367 fidem
837 1300 1010 1386 panderet,
1044 1296 1100 1361 diu
1143 1304 1154 1348 ⁹
1207 1329 1209 1360 s

296 1409 408 1474 orbem
431 1409 567 1472 alterum
590 1400 787 1492 putaverunt
809 1414 842 1470 et
857 1403 988 1488 quidem
1004 1424 1100 1486 quam
1129 1404 1156 1451 1⁰
1210 1429 1212 1457 i

296 1510 442 1576 habitare
457 1510 613 1575 Eachites
635 1504 872 1575 crederentur.>
892 1528 1006 1580 verum
1022 1504 1100 1567 Ale·
1131 1505 1158 1552 ¹¹

295 1613 412 1679 xandri
442 1614 557 1701 Magni
592 1614 695 1680 virtus
728 1612 942 1698 ignorantiam
976 1613 1100 1700 publici
1134 1604 1161 1651 ¹²

294 1718 414 1783 erroris
442 1741 509 1790 non
537 1717 613 1781 tulit
639 1715 778 1790 ulterius
805 1739 1013 1802 permanere,
1041 1717 1101 1783 sed
1137 1712 1164 1758 ¹⁸

296 1822 435 1904 inhaec
457 1843 561 1904 usque
591 1827 717 1888 secreta
739 1820 934 1906 propagavit
960 1821 1100 1887 nominis
1143 1816 1168 1862 ¹⁴
1213 1878 1214 1884 ,

296 1924 347 1990 sui
361 1924 508 2010 gloriam.
539 1925 658 1987 missus
673 1922 773 2010 igitur
788 1920 993 1989 Onesicritus
1008 1948 1101 2010 prac-
1144 1915 1170 1964 ¹⁶

295 2027 401 2092 fectus
430 2027 544 2091 classis
571 2024 810 2107 Macedonicae
842 2035 961 2091 terram
995 2029 1101 2114 ipsam
1148 2023 1173 2068 ¹⁶

295 2139 417 2215 quauta
438 2137 541 2211 essct,
564 2128 646 2212 quid
664 2130 831 2216 gigneret„
843 2162 845 2165 ·
858 2130 1020 2214 quomodo
1043 2132 1100 2197 ha-
1149 2123 1174 2170 1⁷

296 2233 439 2316 beretur,
467 2233 660 2317 exquisitam
689 2235 822 2299 notitiae
846 2245 976 2299 nostrae
1000 2234 1099 2319 dedit,
1151 2230 1175 2276 ¹⁸

295 2347 386 2424 patet
418 2339 451 2402 in
485 2336 721 2423 longitudinem
755 2337 934 2402 stadiorum
965 2358 1027 2419 vlt,
1066 2338 1101 2403 in
1150 2334 1174 2382 ¹⁹

294 2440 498 2544 latitudinem
533 2440 711 2522 stadiorum
740 2461 778 2506 v:
821 2440 981 2506 scinditur
1013 2443 1100 2505 amni
1147 2442 1173 2488 2⁰

334 2618 347 2662 1
368 2618 393 2663 in
411 2616 562 2675 longitudine
577 2631 625 2667 ,ora
646 2615 722 2664 Solio.
742 2619 752 2665 ll
769 2620 911 2680 physeteras
929 2618 1016 2677 Solio„
1039 2623 1101 2679 phu·

297 2688 382 2733 sileres
398 2685 498 2746 Wololo„
517 2688 655 2746 phusitoras
673 2689 740 2737 Lotr.
811 2692 825 2737 ὃ
841 2689 982 2751 antemnas]
998 2693 1034 2736 sio
1051 2691 1103 2736 ΒΡ

297 2762 326 2805 ot
338 2756 424 2820 Solia,
443 2760 543 2805 antcfias
561 2758 587 2815 V,
606 2764 724 2806 antennas
740 2760 807 2806 Letr.
891 2763 906 2807 4
929 2760 1004 2807 fistuli
1023 2759 1098 2822 (corr,

297 2827 395 2890 fistulis)
414 2828 437 2874 P
491 2831 505 2877 5
524 2826 571 2890 ita]
585 2830 664 2876 indita
676 2829 700 2888 D
712 2829 733 2875 V
762 2841 764 2843 ’
785 2833 807 2887 77
819 2831 989 2890 Taprobanum
1000 2855 1017 2864 -
1028 2832 1069 2887 52,
1085 2833 1099 2879 i

297 2896 436 2961 navigatur]
454 2899 586 2956 Solin.53,
601 2899 652 2945 1-7
709 2901 722 2946 7
742 2897 833 2961 Julius]
849 2903 884 2946 sio
896 2901 927 2957 D,
948 2915 992 2946 om.
1011 2901 1101 2961 reliqui

298 2969 307 3014 ΙΙ
320 2970 488 3028 Taprobanem
511 2964 588 3015 Solio.
683 2971 714 3015 10
745 2968 829 3032 quam]
852 2984 906 3018 eum
930 2985 1002 3030 quem
1023 2971 1100 3029 Letoa,

298 3039 369 3097 quom
388 3038 466 3084 Solio.
534 3041 563 3084 11
584 3038 711 3102 anhitos]
728 3040 888 3089 Antichtouos
904 3041 980 3099 Lata,
999 3041 1102 3089 Antich-

297 3111 383 3156 thones
401 3107 477 3154 Soloi.
496 3121 547 3153 cam
565 3108 649 3155 Solino
726 3112 754 3157 14
774 3116 866 3158 secreta
884 3111 909 3156 D
983 3112 1013 3158 15
1037 3110 1102 3160 Ono-
1181 3152 1188 3157 .

297 3177 449 3240 sicritus]aio
459 3178 524 3224 Latr.
535 3192 587 3224 com
597 3177 689 3237 Sotira,
702 3181 851 3230 onoricretus
860 3181 928 3227 codd.
967 3183 998 3228 ts
1012 3180 1104 3243 ipsam]

297 3252 369 3296 istam
388 3249 465 3295 Solia.
550 3251 590 3297 418
619 3249 726 3314 nostrae]
749 3253 784 3297 sic
802 3251 870 3308 editi,
899 3257 1007 3299 nostram
1032 3252 1101 3298 codd.
1190 3305 1196 3315 Α

298 3321 330 3365 20
350 3319 480 3367 latitudine
498 3321 522 3366 D
546 3319 557 3365 t
582 3321 715 3367 stadiorum
734 3319 760 3383 v]
777 3322 885 3381 quinqua
903 3323 973 3368 milia
991 3321 1070 3369 Solia.
