2430 3998
294 336 353 384 xlv

361 492 408 559 Jn
442 489 647 557 emendando
672 489 797 553 Dicuili
830 487 943 553 libello
968 487 1043 552 usui
1072 486 1154 552 mihi

294 607 427 670 fuerunt
448 602 579 668 codices
601 611 684 667 tres:
1022 596 1025 600 ’

342 713 636 780 D=Dresdensis
670 703 795 798 Regius
827 712 871 776 D.
887 712 959 776 182.
993 711 1155 776 membra·

295 851 393 910 nens,
423 827 564 911 scriptus
593 826 683 890 eirca
709 848 830 890 annum
858 823 1082 905 millesimum,
1113 823 1153 889 de

297 963 362 1025 qno
396 941 439 1004 of.
475 938 607 1024 praefat.
643 936 685 1000 ad
719 937 837 1002 Jtiner.
872 933 1032 999 Antonini
1065 933 1153 1000 edid.

296 1051 441 1136 Parthey
469 1059 503 1114 et
530 1048 653 1115 Pinder
679 1073 756 1136 pag.
779 1071 871 1117 xvnl.
889 1067 957 1119 m
982 1047 1069 1113 hunc
1098 1070 1155 1112 co-

297 1161 403 1227 dicem
425 1163 497 1247 ipse
520 1163 661 1226 excussi.
854 1160 857 1169 “

216 1313 220 1317 <
343 1273 631 1339 P--Parisiensis
654 1273 844 1360 Jmpsrialis
868 1276 966 1353 4806,
995 1272 1153 1338 membra-

297 1408 395 1468 neus,
429 1406 514 1451 saso.
530 1407 571 1468 x,
600 1386 887 1453 awalokenaerio
915 1394 949 1450 et
975 1385 1156 1450 Latronnio

298 1497 474 1578 adhibitus,
502 1508 619 1584 rogatu
642 1521 715 1563 meo
738 1522 757 1563 a
778 1497 883 1563 Paulo
905 1497 1024 1583 Meyer
1046 1495 1156 1559 denno

297 1611 474 1694 inspectus.

349 1721 587 1788 V=Venetus
621 1721 822 1788 Marcianus.
858 1719 983 1786 Classis
1006 1740 1038 1786 x„
1079 1717 1155 1782 cod.

296 1854 450 1902 Lxxxvln
480 1853 594 1917 (xcvn.
622 1857 661 1919 2.)
694 1833 937 1915 membraneus,
981 1853 1067 1897 saec.
1095 1851 1157 1913 xv,

299 1967 396 2029 quem
429 1946 594 2031 Josephus
623 1946 747 2012 Mfiller
779 1970 854 2012 oum
882 1944 1053 2010 Letronnii
1086 1943 1158 2009 edi-

297 2057 385 2122 tione
407 2068 558 2124 accurate
582 2060 729 2124 contulit.

365 2167 495 2235 Horum
530 2171 680 2237 codicum
716 2173 943 2238 auctoritatam
975 2169 1032 2235 ubi
1061 2168 1158 2233 dess-

298 2284 419 2348 ruerim
441 2283 475 2346 in
498 2285 583 2350 notis
605 2286 757 2351 indicavi.
1134 2373 1137 2379 Δ

365 2393 524 2477 Reliquos
559 2397 691 2461 serioris
727 2379 799 2462 aavi
833 2406 867 2462 et
899 2393 1032 2460 minoris
1058 2391 1161 2477 pretii

251 2580 255 2593 f
300 2503 430 2570 codices
452 2507 486 2569 in
510 2507 664 2572 auxilium
687 2529 804 2572 vocare
831 2507 919 2572 hand
942 2526 1060 2590 operae
1083 2526 1161 2590 pre-

298 2617 380 2681 tium
403 2618 509 2682 visum
532 2626 597 2697 sst3
625 2628 702 2684 sunt
724 2620 792 2685 fere
815 2621 865 2685 hi:

366 2729 570 2795 Matritensis
598 2728 639 2812 Q.
660 2733 732 2797 129.
763 2753 847 2797 saec.
864 2751 922 2799 xlv
943 2729 995 2795 vel
1013 2748 1069 2796 xv.
1116 2726 1161 2792 of.

299 2842 400 2926 praef.
426 2840 468 2907 ad
492 2843 575 2909 Jtin.
599 2847 723 2910 Anton.
747 2869 780 2930 p.
795 2865 854 2925 xx,

366 2952 586 3020 Monacenses
608 2965 693 3021 tres:

412 3067 449 3148 a)
472 3063 641 3131 Palatinus
666 3068 742 3151 291,
765 3068 841 3133 anni
868 3067 963 3147 1542,

410 3176 450 3260 b)
474 3175 685 3244 Victorianus
708 3181 762 3264 99,
785 3181 862 3246 anni
886 3178 983 3261 1436,

410 3293 447 3373 a)
471 3287 652 3355 Jesuitiaus
678 3291 730 3375 13,
752 3291 876 3359 saeculi
892 3313 962 3372 ΠΙ,
