2430 3998
292 310 327 364 26
1030 309 1055 368 6,
1067 313 1082 358 3
1092 309 1156 356 Late.

293 463 374 530 urbe
390 464 576 530 Jerusalem
592 465 704 529 cleriei
726 475 759 529 et
772 465 848 529 laici
941 463 1102 539 habitaris
1142 487 1155 530 1
1197 527 1198 530 ,

199 567 225 637 l,
236 572 269 626 13
293 590 398 652 usqne
421 567 464 632 ad
486 567 602 633 Nilum
622 567 877 632 velificarerunt.
926 566 1045 633 deinde
1068 556 1102 631 in
1141 591 1156 636 a

211 712 217 729 x
293 671 372 736 Nilo
400 672 498 758 longe
532 670 718 756 navigando
754 680 878 755 septem
908 671 1025 735 horrea
1052 694 1103 736 se·
1143 692 1157 737 a

294 774 437 839 eundum
461 797 632 839 numerum
659 797 819 839 annorum
848 772 1103 856 habundantiae‚
1142 794 1157 838 4

294 901 378 963 quae
400 889 535 944 sanatus
551 876 680 962 «loseph
701 878 835 957 lecerat,
858 875 899 940 de
920 877 1102 963 longinquo
1143 894 1156 940 5

294 981 502 1061 admirantes
517 990 684 1065 tamquam
695 990 822 1046 montes
833 979 995 1057 viderunt,
1008 989 1103 1064 quat·
1144 1001 1156 1046 6

295 1095 368 1149 tuor
390 1085 423 1149 in
446 1109 512 1150 uno
534 1085 608 1149 loeo
630 1107 670 1149 ao
690 1086 756 1149 tria
776 1086 811 1148 in
834 1085 945 1148 altero.
1144 1102 1156 1146 r

236 1207 271 1260 14
363 1189 452 1256 Hine
474 1188 516 1253 ad
539 1188 658 1252 horrea
680 1189 743 1252 tria
762 1187 1031 1252 miraculi‘oausa
1047 1211 1103 1251 va·
1139 1209 1155 1272 s

296 1293 410 1358 dentes
432 1293 562 1358 leonem
583 1301 617 1354 et
639 1301 715 1356 uoto
737 1292 885 1355 homines
899 1292 987 1355 viros
1003 1302 1103 1375 atque
1142 1310 1154 1353 a

296 1397 434 1461 feminas
456 1396 547 1460 iuxta
568 1394 625 1458 illa
647 1404 794 1461 mortuos
810 1395 1014 1461 invenerunt.
1053 1396 1103 1460 leo
1128 1411 1154 1456 ιο

296 1522 357 1565 sua
378 1498 569 1563 fortitudine
597 1498 720 1563 oceidit
746 1498 835 1563 illos:
865 1497 912 1561 illi
941 1498 1043 1562 hastis
1072 1505 1104 1561 et
1127 1516 1152 1561 11
1192 1522 1193 1525 ¹

296 1602 415 1688 gladiis
442 1602 550 1686 ipsum
578 1602 828 1680 interfecerunt,
861 1601 938 1684 quia
975 1599 1104 1664 deserta
1127 1621 1152 1667 n

296 1714 433 1789 utraque
456 1706 528 1770 looa
550 1706 683 1770 suntin
706 1705 825 1788 quibus
848 1705 965 1768 horrea
980 1713 1103 1788 septem
1126 1722 1153 1767 13

298 1816 487 1873 constructa
509 1809 648 1872 fuerant
1127 1829 1154 1873 14
1203 1799 1204 1807 ἵ

239 1922 272 1976 15
364 1910 447 1975 Post
468 1912 550 1975 haee
577 1910 752 1996 diligenter
779 1909 1016 1974 considerando
1043 1910 1103 1973 tria
1127 1929 1167 1978 15

297 2013 414 2077 horrea
435 2013 553 2077 iterum
576 2014 788 2094 mirabantur,
811 2037 831 2076 a
850 2014 1013 2098 principio
1033 2014 1103 2076 fun·
1126 2035 1191 2083 ιε

298 2116 442 2182 damenti
464 2137 568 2198 usque
591 2115 633 2180 ad
655 2116 754 2180 finem
777 2115 955 2182 altitudinis
977 2117 1103 2180 illorum
1127 2131 1202 2184 1‘2

298 2222 429 2285 omnino
453 2219 582 2304 lapidea
603 2219 684 2285 fieri.
719 2219 776 2285 illa
797 2221 831 2283 in
845 2220 998 2284 inferiore
1013 2227 1103 2304 parte
1127 2235 1204 2289 ιε

299 2324 459 2408 quadrata
480 2325 567 2388 faeta
589 2332 677 2403 suni,
705 2325 739 2386 in
766 2323 931 2407 superiore
954 2345 1033 2386 vero
1056 2345 1105 2386 ro·
1128 2347 1138 2390 1
1188 2349 1204 2355 ‘

298 2427 415 2490 tunde:
453 2429 487 2490 in
520 2428 585 2490 fine
617 2427 825 2490 sublimitatis
860 2426 954 2509 quasi
985 2426 1105 2512 gracile
1127 2451 1204 2495 a(

1202 642 1204 702 l

337 2605 349 2646 1
376 2599 522 2663 Jerusalem]
539 2605 574 2648 sic
591 2603 620 2660 P,
649 2603 736 2649 hiarlm
752 2603 778 2661 V,
807 2603 876 2650 ierirn
894 2605 926 2660 D,
956 2603 1106 2650 Hierusalem

299 2672 366 2717 Letr.
394 2669 404 2716 ll
429 2673 495 2732 layci
513 2673 533 2717 V
554 2673 563 2717 ΙΙ
584 2679 643 2731 poet
659 2673 718 2719 laici
737 2673 848 2719 lacunam
866 2674 981 2730 indicavi3
995 2672 1106 2733 fortasse

300 2743 388 2788 cncidit
406 2748 553 2800 manserunt,
573 2751 598 2789 et
616 2745 672 2790 inde
690 2745 700 2789 ll
717 2742 848 2804 habitaria]
864 2746 900 2789 aie
918 2744 996 2799 codd,
1022 2758 1036 2789 a
1057 2744 1107 2789 Bri·

299 2814 384 2859 tannia
403 2812 511 2871 Morelli,
531 2815 563 2860 ab
582 2815 701 2861 Hibernia
718 2816 794 2869 Letr„
817 2815 939 2860 habitaria
956 2828 1042 2858 nomen
1060 2826 1107 2859 eree

299 2889 377 2940 potest
399 2886 467 2928 navia
492 2887 624 2941 vectoriae,
653 2888 716 2931 inter
740 2883 904 2930 Palaestinam
932 2889 955 2929 et
977 2884 1107 2944 Aepyplnn

301 2955 389 3008 euntia·
407 2956 458 2998 veri
475 2953 552 2998 simile
569 2969 617 2999 non
635 2961 677 3012 eat,
696 2954 800 3001 Fidelem
812 2953 923 3014 fratrem
942 2960 1016 2999 totum
1035 2959 1108 3000 itera

301 3023 432 3067 Britannia
454 3022 492 3067 vel
514 3024 544 3068 ab
569 3025 686 3070 Hibernia
712 3039 784 3084 usqne
811 3025 844 3070 acl
865 3024 948 3071 Nilum
971 3038 1021 3082 per
1043 3019 1109 3070 mare

301 3095 404 3153 exepiaae
458 3095 474 3138 4
493 3093 621 3155 annorum]
642 3097 728 3141 annueri
740 3097 764 3141 D
783 3096 793 3141 ΙΙ
811 3101 999 3152 postanuornm
1019 3095 1108 3141 Walcln

301 3164 357 3209 add.
378 3168 402 3209 et
420 3163 529 3209 ordinem
547 3163 557 3208 ΙΙ
573 3165 740 3218 abundantiae
758 3166 815 3211 editi
881 3168 895 3212 6
915 3167 1074 3212 ammirantes
1094 3163 1113 3211 V

302 3236 316 3280 6
338 3237 351 3280 7
372 3232 497 3298 quattuor]
513 3235 549 3279 aie
566 3235 626 3292 ΒΡ,
647 3243 701 3281 erat
719 3242 824 3294 quatuor
886 3238 917 3283 16
936 3237 1075 3283 mirabatur
1092 3234 1115 3282 P

302 3304 335 3349 20
355 3305 442 3362 gratile
459 3305 511 3351 DP
