2430 3998
314 274 349 328 80
1032 317 1033 320 ,
1053 270 1075 332 9,
1085 270 1153 316 ater.

231 465 239 479 ·
316 427 485 491 oculorum
519 426 649 511 prolicit
688 426 866 490 claritatem
904 447 965 489 uec
999 423 1112 488 medio·
1145 447 1153 488 1
1190 470 1191 473 ¹

317 531 413 595 criter
445 530 599 616 percellit*
631 530 697 593 vim
731 551 940 594 venenorum.
979 563 981 565 ·
1008 537 1113 591 vertex
1145 545 1155 590 1

317 656 447 719 semper
480 634 605 701 nivalis.
662 632 764 698 saltus
792 634 862 698 eius
892 630 1114 716 quadrupedes
1147 650 1156 694 1

317 759 356 801 ac
380 747 547 822 serpentes
571 747 603 801 ct
626 737 711 801 ferae
734 746 767 801 et
789 760 863 802 cum
884 737 935 801 his
957 733 1115 821 elephanti
1146 750 1158 794 1
1195 809 1196 813 ¹

318 850 571 925 occupaverunt.
629 841 709 905 silet
737 863 798 925 per
830 840 916 904 diem
951 839 1115 903 universus
1147 856 1157 899 1
1196 871 1197 877 1

317 965 378 1007 nec
401 944 469 1008 sine
492 945 625 1009 horrore
642 931 787 1012 secretus
804 952 864 1025 est,
887 945 975 1008 lucet
990 952 1116 1006 noctur
1148 962 1158 1004 a
1198 931 1199 934 ¹

318 1047 369 1110 nis
391 1047 534 1132 ignibus,
557 1048 664 1112 choris
689 1050 863 1133 egipanum
885 1047 1028 1130 undique
1050 1068 1117 1131 per·
1149 1063 1158 1106 1

319 1159 469 1214 sonatur:
504 1151 681 1216 audiuntur
710 1161 743 1215 et
770 1161 885 1216 cantus
914 1151 1068 1218 tibiarum
1090 1155 1117 1211 et
1149 1166 1159 1208 1

319 1255 456 1320 tinnitus
481 1255 714 1341 cymbalorum.
947 1288 949 1292 ·
1139 1265 1160 1307 1

242 1365 295 1433 115
386 1360 439 1424 De
469 1358 583 1423 eodem
612 1359 769 1424 dsidorrrs
797 1359 955 1422 Athlante
983 1357 1016 1420 in
1044 1367 1160 1422 11111111

321 1463 602 1550 ethimologiarum
615 1464 748 1548 cripsit
757 1463 857 1526 libro:
876 1461 992 1526 Athlas
1005 1482 1120 1546 cogno·
1139 1473 1161 1518 11
1203 1505 1204 1508 ¹

246 1555 248 1557 ¹
322 1568 463 1631 minatur
487 1568 542 1649 qui
556 1575 690 1651 propter
706 1566 908 1631 altitudinem
925 1587 1018 1629 suam
1033 1561 1120 1646 quasi
1141 1579 1163 1622 11

322 1671 402 1737 caeli
425 1671 612 1736 machinam.
632 1679 728 1754 atque
759 1679 846 1734 astra
875 1677 1057 1734 sustentare
1079 1668 1122 1730 vi·
1143 1679 1164 1726 1³
1211 1670 1213 1716 1

322 1775 454 1839 detur.¹
1144 1786 1166 1832 11

386 1879 464 1942 Ι)00
487 1878 541 1942 hic
565 1879 656 1960 quasi
680 1877 841 1942 contraria
863 1876 973 1941 Julius
995 1873 1123 1940 Solinus
1144 1887 1168 1932 11
1211 1870 1213 1890 “

323 1984 364 2047 de
398 1982 561 2047 Athlante·
589 1982 729 2071 monuit:
769 1980 856 2063 quod
894 1979 979 2043 ultra
1017 1977 1125 2043 nubila
1147 1987 1170 2035 11

324 2092 421 2170 caput
450 2084 561 2157 condit
589 2106 658 2167 qua
681 2085 724 2148 ad
751 2107 909 2149 oceanum
932 2082 1125 2160 extenditur,
1149 2095 1172 2140 11

299 2200 355 2256 -et
388 2189 477 2275 quod
511 2197 623 2252 vertex
657 2190 730 2254 eius
760 2211 889 2274 semper
922 2186 1048 2250 nivalis.
1101 2183 1127 2248 si
1151 2202 1176 2248 11

323 2304 436 2359 vertex
451 2295 519 2358 eius
536 2315 665 2376 semper
680 2293 794 2357 nivalis
814 2301 874 2373 est,
896 2287 1128 2354 transcendere
1154 2305 1178 2350 11

324 2421 453 2483 semper
475 2396 580 2462 nubes
604 2419 669 2460 uon
693 2404 811 2481 potest,
836 2395 910 2458 etsi
927 2394 1029 2458 nubes
1046 2416 1130 2457 sem·
1154 2407 1180 2453 10

326 2525 383 2585 per
406 2501 544 2584 altitudo
568 2500 653 2564 illius
670 2499 809 2580 excedit,
833 2521 898 2562 non
916 2497 1022 2562 solum
1038 2520 1131 2560 num·
1155 2510 1183 2554 11

296 2598 297 2601 “
326 2610 423 2686 quam
457 2596 525 2689 tegi
558 2602 617 2667 sed
654 2625 716 2667 nec
750 2603 839 2688 tangi
873 2601 1000 2667 nivibus
1034 2601 1131 2664 valet.
1156 2616 1185 2663 11

366 2858 376 2900 1
399 2856 531 2902 oculariam
550 2855 627 2902 Solia.
702 2858 715 2902 2
737 2870 852 2902 uenorum
872 2855 894 2900 P
959 2857 973 2900 3
994 2854 1135 2911 quadrupes

328 2925 404 2987 (corr.
418 2925 599 2988 quadrupedes)
617 2928 640 2972 P
679 2931 694 2974 4
714 2934 739 2974 et
755 2925 831 2988 ferae]
848 2928 896 2973 fere
915 2923 993 2972 Solio.
1032 2927 1046 2970 7
1067 2926 1136 2983 aegi-

328 3010 418 3055 panum
436 2999 460 3042 D
472 2999 539 3044 Lctr.
602 3000 633 3044 10
653 2996 774 3061 daidorns]
792 3000 854 3058 erip.
866 2997 907 3055 14,
919 2996 987 3043 8217
1007 2994 1016 3040 ΙΙ
1033 2995 1136 3042 Atlante

328 3068 395 3114 Lctr.
453 3071 482 3114 11
504 3066 726 3132 ethimologiarum]
737 3073 771 3116 sic
787 3069 812 3126 V,
833 3069 1063 3128 aethimologiarum
1076 3069 1135 3124 ΒΡ,

329 3139 530 3199 etymologiarum
549 3141 616 3185 Letr.
645 3139 655 3184 ΙΙ
679 3141 750 3189 Atlas
767 3142 834 3187 Letr.
929 3142 960 3186 13
980 3138 1095 3186 machina
1118 3139 1141 3183 V

332 3212 362 3256 lt
382 3207 432 3271 hic]
449 3213 509 3258 haec
527 3211 551 3257 D
577 3211 587 3257 11
613 3212 720 3275 Solinus]
739 3213 811 3271 24,8
898 3213 928 3258 16
947 3211 1049 3258 Atlante
1067 3211 1137 3256 Letr.

332 3283 363 3327 17
384 3284 477 3346 condit]
495 3285 572 3331 credit
590 3284 610 3331 V
