2430 3998
20 328 42 373 '·
62 333 90 378 8
101 333 168 380 Letr.
357 310 360 312 .
837 339 872 394 35

44 488 225 574 magicam
253 490 423 558 scientiam
451 491 559 556 inesse
587 490 618 553 ei
643 493 874 576 pronuntiave-

45 603 149 656 runt.
189 593 225 682 in
240 592 436 678 Aethiopiae
458 604 550 683 parte
575 593 641 659 coit
656 616 730 660 eum
745 596 872 674 leaena:
897 600 967 670 t‚35

50 694 152 760 unde
186 697 331 761 nascitur
363 705 545 763 monstrum
583 697 638 762 cui
676 698 874 766 ohoroooota

51 821 183 864 nomen
207 810 264 865 est.
304 823 402 866 voces
424 801 592 868 hominum
613 810 648 866 et
661 802 735 887 ipsa
749 805 874 889 pariter

20 940 22 957 ›
53 903 212 994 affectat..
252 926 430 988 numquam
458 904 589 971 cohibet
617 906 721 971 aciem
744 907 873 972 orbium

20 1026 25 1071 t
56 1006 250 1089 nemorum,
285 1007 343 1073 sed
376 1009 411 1073 in
445 1016 562 1094 optutu
592 1009 664 1074 sine
696 1010 872 1083 nictatione

20 1129 28 1173 i
59 1110 243 1175 contendit.
288 1111 322 1174 in
345 1135 400 1176 ore
422 1109 535 1199 lingua
556 1112 656 1193 nulla,
684 1112 764 1179 dens
787 1137 872 1180 unus

21 1231 33 1275 a
62 1225 161 1298 atque
184 1223 379 1299 perpetuus,
408 1217 465 1300 qui
494 1224 531 1281 ut
558 1239 735 1300 numquam
762 1226 874 1282 retun-

25 1331 36 1376 a
63 1315 159 1380 datur
193 1317 384 1382 naturaliter
417 1319 623 1404 capsularum
656 1318 755 1382 modo
784 1319 874 1383 olau-

20 1432 40 1477 10
65 1418 161 1487 ditur.
512 1472 513 1475 η

20 1536 44 1582 11
130 1523 154 1588 J
157 1522 231 1588 dem
255 1522 353 1610 longe
375 1524 468 1608 prius
497 1523 538 1589 de
564 1522 695 1589 flumine
717 1509 884 1590 Danubio

21 1641 46 1687 u
67 1625 184 1711 inquit:
229 1625 345 1692 Hister
383 1625 588 1695 Germanicis
632 1627 717 1715 iugis
760 1629 873 1712 oritur,

24 1743 48 1789 ia
69 1730 187 1814 effusus
216 1738 327 1795 monte
357 1730 413 1814 qui
435 1728 604 1796 Rauracos
629 1730 757 1797 Galliae
778 1752 874 1819 aspe-

24 1847 49 1894 u
69 1841 139 1898 ctat.
186 1854 258 1902 uxta
275 1856 388 1899 amnes
409 1834 444 1899 in
459 1857 495 1900 se
510 1835 629 1921 recipit
641 1835 744 1899 ferme
760 1857 873 1901 omnes

23 1946 48 1994 1⁵
68 1936 276 2024 navigabiles.
322 1947 448 2022 septem
470 1939 562 2005 ostiis
585 1938 727 2004 Pontum
749 1936 872 2003 influit:

23 2045 48 2094 1⁶
69 2062 203 2124 quorum
231 2041 373 2129 primum
401 2041 528 2126 Peuce,
557 2041 738 2109 secundum
766 2041 874 2107 Nara-

22 2151 47 2197 1⁷
68 2153 224 2227 customa,
231 2146 363 2210 tertium
375 2143 598 2229 Calonstoma,
611 2156 762 2231 quartum
769 2146 874 2212 Pseu-

21 2256 45 2304 18
68 2247 233 2332 dostoma,
264 2250 412 2333 quintum
434 2249 664 2317 Borionstoma
693 2271 732 2315 ac
755 2248 874 2314 deinde
946 2331 948 2334 g

20 2356 42 2403 ¹⁹
65 2351 286 2440 Spilonstoma
301 2352 506 2439 languidiora
526 2360 603 2418 suut
623 2352 750 2434 ceteris,
774 2352 875 2437 septi·
975 2413 976 2417 ,

20 2453 40 2505 ²⁰
64 2479 152 2521 mum
176 2480 254 2521 vero
281 2457 411 2543 pigrum
440 2479 480 2521 ac
508 2456 646 2543 palustri
673 2455 780 2541 specie
808 2479 874 2520 non

20 2557 35 2605 '¹
62 2558 163 2625 habet
186 2559 276 2644 quod
299 2560 386 2624 amni
402 2570 619 2647 comparetur.
654 2560 766 2643 priora
780 2568 873 2643 quat·
967 2596 969 2600 ·

20 2663 34 2709 ²
61 2673 138 2729 tuor
168 2664 214 2746 ita
237 2687 356 2751 magna
384 2674 460 2728 sunt
490 2673 527 2728 ut
549 2682 607 2750 per
636 2662 872 2759 longitudinem

100 2930 206 2979 lloena
224 2932 294 2979 codd.
368 2933 382 2978 3
403 2928 556 2992 choroooota]
574 2933 683 2977 crocotta
700 2928 776 2987 L'etu,
805 2941 877 2976 coro·

65 3009 147 3051 cottae
166 3003 244 3050 Solia.
319 3006 333 3050 6
362 3002 493 3050 oculorum*
506 3016 551 3048 om.
571 2999 649 3047 Solia.
677 2999 687 3045 ll
712 3005 826 3058 optutum
843 3000 873 3057 P,

63 3076 179 3122 obtutum
193 3073 285 3132 Solia,
313 3075 403 3121 obtutu
421 3074 479 3119 editi
505 3072 515 3119 l
541 3073 657 3119 lutatione
675 3072 697 3117 V
749 3074 761 3118 7
782 3067 878 3131 lingua]

63 3147 166 3207 gingiva
184 3144 262 3191 Solia.
273 3144 370 3191 etPlin.
463 3144 493 3188 12
513 3143 696 3199 Hister-asa
716 3137 811 3200 sapore]
829 3139 874 3184 So-

66 3214 109 3262 lin.
124 3216 195 3274 13‚1
272 3218 304 3261 14
323 3213 394 3275 uxta]
411 3214 496 3260 istaV
571 3215 601 3259 15
622 3210 701 3273 ostiis]
718 3211 805 3255 hostiis
824 3209 879 3254 ΒΡ
980 3268 983 3272 A

70 3288 100 3333 18
130 3285 256 3347 quintum]
282 3301 339 3332 nam
367 3284 444 3332 Solia.
555 3286 586 3330 19
615 3283 778 3328 Psilonstoma
805 3279 875 3325 Latr.

69 3358 100 3402 21
121 3360 152 3404 22
174 3363 278 3417 quatuor
301 3357 394 3405 Vediti

552 3470 555 3473 a
696 3447 731 3493 3*
