2430 3998
53 314 121 377 l‚⁷.
142 323 229 371 stou.
578 285 583 297 ’
646 308 648 312 ’
896 321 931 379 55

66 492 77 536 1
191 476 259 545 Sed
274 477 362 542 idem
378 477 488 543 Julius
503 476 683 541 nuntiando
700 476 741 540 de
754 474 931 542 Germania
956 493 1041 562 2351

63 591 77 636 2
118 581 304 666 insulisque
328 582 397 647 eius
420 604 520 645 unum
544 581 584 644 de
600 579 826 664 elephantibus
842 601 930 643 meu·

55 693 76 738 ’1
118 685 209 750 tiens
224 685 307 751 falso
323 684 468 768 loquitur
479 683 601 765 dicens,
616 685 823 770 elephantem
838 705 930 747 num-

61 792 78 838 4
123 810 221 871 quam
244 790 361 869 iacere,
385 788 461 853 dum
483 787 537 852 ille
559 789 646 853 sicut
666 788 726 854 hos
750 777 931 852 certissime

62 897 77 944 5
124 891 226 973 iacet,
259 898 296 955 ut
323 891 435 976 populi
465 892 681 956 communiter
708 891 800 978 regni
828 891 932 957 Fran·

63 999 81 1044 6
128 1017 237 1058 corum
261 994 466 1079 elephantem
496 995 529 1059 in
558 1003 705 1079 tempore
729 996 931 1080 imperatoris

63 1100 82 1143 ⁷
126 1097 241 1163 Karoli
263 1097 423 1164 viderunt.
469 1098 527 1163 sed
550 1098 685 1164 forsitan
707 1099 782 1164 ideo
805 1100 868 1164 hoc
891 1098 932 1165 de

65 1203 93 1270 ⁸.
130 1204 297 1288 elephante
318 1203 396 1268 ficte
417 1201 618 1268 aestimando
635 1202 791 1287 seriptum
812 1213 871 1284 est,
894 1226 935 1268 eo

67 1307 213 1392 ⁹quod
236 1330 343 1395 genua
366 1315 400 1371 et
421 1305 616 1391 suffragines
644 1305 694 1370 sui
717 1305 778 1374 nisi
801 1305 930 1401 quando

5 1483 6 1487 ,
55 1410 92 1458 ¹⁰
128 1412 210 1477 iacet
233 1433 298 1477 nou
322 1410 427 1495 palam
449 1417 617 1494 apparent.

4 1542 5 1545 ¹
56 1519 92 1569 ¹1
191 1515 289 1581 Jdem
313 1514 423 1580 Julius
447 1520 557 1576 narrat
580 1510 619 1575 de
643 1510 758 1576 Jndia:
787 1533 822 1579 vl
845 1470 933 1576 milia

56 1620 94 1672 ¹2
128 1641 269 1689 cccctm
297 1639 400 1682 annos
435 1639 455 1680 a
481 1615 601 1682 Libero
635 1625 728 1700 patre
757 1639 861 1700 usque
890 1617 932 1680 ad

5 1718 6 1721 ’
56 1731 96 1783 13
128 1721 353 1789 Alexandrum
395 1720 555 1807 Magnum
600 1720 701 1784 fuisse
746 1720 931 1805 scripserat.

55 1833 98 1887 14
126 1829 225 1892 idem>
247 1825 334 1889 aliud
370 1824 557 1890 incredibile
598 1824 745 1909 scripsit:
764 1875 766 1878 Α
786 1823 931 1889 homines

4 1991 5 1995 ,
55 1940 101 1994 15
127 1929 408 2016 Gangisfontem
432 1928 543 1992 colunt
571 1929 672 2012 quod'
688 1927 809 1992 nullius
839 1942 932 1992 escae

5 2052 6 2055 ’
54 2043 99 2097 16
127 2057 209 2120 opus
243 2033 407 2118 indigent,
443 2032 501 2097 sed
530 2041 656 2097 tantum
693 2033 792 2097 odore
811 2033 933 2115 ⁴vivunt

53 2150 100 2204 17
127 2161 297 2224 pomorum
318 2136 525 2218 silvestrium,
548 2133 742 2225 longiusque
757 2145 931 2220 pergentes

1 2235 3 2335 ξ
54 2253 103 2307 18
128 2242 241 2306 eadem
271 2240 316 2305 illi
346 2240 378 2304 in
406 2238 569 2325 praesidio
604 2248 722 2326 gerunt
749 2249 786 2303 ut
812 2237 932 2302 olfactu
993 2287 994 2290 1

56 2360 105 2412 19
128 2346 272 2410 alantur:
303 2345 393 2429 quod
423 2345 450 2408 si
479 2342 646 2407 tetriorem
674 2341 823 2426 spiritum
850 2341 933 2405 forte

1 2508 2 2511 ,
53 2465 106 2518 20
129 2450 303 2531 traxerint,
339 2447 514 2513 exanimari
542 2468 597 2511 eos
628 2453 753 2510 certum
783 2453 841 2510 est.
892 2443 933 2508 de

1 2548 7 2616 s
57 2569 106 2622 21
128 2552 299 2618 latitudine
334 2551 461 2638 Gangis
501 2550 643 2616 fluminis
685 2558 717 2615 et
754 2548 933 2633 Euphratis

59 2671 107 2728 22
131 2648 224 2741 quam
241 2657 276 2720 in
290 2657 354 2722 isto
368 2656 454 2721 libro
474 2655 617 2741 scripsit,
641 2653 792 2719 dubitans
807 2662 911 2718 taceo.

168 2838 177 2882 1
193 2832 286 2895 11111111]
297 2832 374 2879 Solia.
383 2833 446 2891 20,7
476 2833 490 2878 8
504 2828 571 2894 ficte]
584 2832 647 2876 facte
655 2831 679 2875 D
690 2829 712 2877 V
740 2831 770 2878 11
781 2842 807 2874 vr
817 2827 937 2889 milia...]

132 2920 173 2954 sex
192 2905 262 2952 milia
280 2903 448 2964 quadringenti
468 2892 645 2962 quinquaginta
663 2914 725 2946 uuus
744 2900 834 2947 additis
847 2904 871 2946 et
883 2912 934 2943 am»

132 2978 194 3036 plius
212 2976 291 3022 trihus
309 2976 433 3022 mensibus
452 2973 584 3031 81111152,
599 2971 615 3018 5
676 2970 706 3016 15
728 2969 819 3030 Gangis
832 2967 934 3030 fontem]

132 3051 164 3093 ric
181 3049 248 3094 Lair.
272 3061 324 3092 11111
341 3044 425 3094 solino
449 3044 492 3101 52,
506 3043 548 3100 29,
585 3043 672 3102 gangis
698 3043 836 3099 fontemque
864 3039 932 3086 codd.

133 3117 224 3179 Gangis
242 3115 338 3180 [aquas]
360 3117 502 3172 fontemque
525 3113 615 3160 Wolclr.
651 3113 662 3158 11
706 3110 799 3172 colunt]
820 3110 934 3157 accolunt

133 3188 207 3235 Solia
226 3189 236 3232 ΙΙ
256 3189 319 3249 quod
340 3186 499 3233 nullius-16
520 3182 604 3246 odore]
621 3183 714 3229 nullius
731 3184 762 3228 ad
782 3194 861 3228 escam
880 3180 934 3238 opis

133 3260 208 3321 indigi
227 3261 301 3305 odore
318 3257 396 3304 Solio
466 3257 496 3301 16
515 3253 612 3316 vivunt]
629 3255 699 3301 itnut
715 3253 747 3308 D,
767 3252 839 3297 ihuut
856 3247 934 3311 (corr.

133 3328 228 3391 uiuunt)
247 3329 269 3374 P
342 3329 372 3373 18
391 3324 440 3388 illi]
457 3325 501 3373 illa
518 3324 597 3371 Solia.
671 3310 720 3369 22
723 3321 810 3383 scripsi
833 3319 855 3365 V
