2430 3998
899 319 935 366 XI

73 496 160 538 anno
186 474 272 538 1599
296 471 382 555 data,
405 496 526 559 eosque
550 498 624 540 cum
649 472 789 539 Matthia
805 473 935 540 Radero

74 585 346 667 communicavit,
380 610 400 650 a
433 609 499 670 quo
527 587 562 650 in
590 586 730 651 historia
756 585 936 652 Theodosii

72 696 229 777 iunioris,
257 695 428 763 Monachii
453 701 538 764 1614
569 698 674 779 edita,
704 697 826 782 publici
854 699 934 764 iuris

72 807 155 872 facti
178 816 269 887 sunt3
299 808 409 894 paullo
437 818 512 896 post
536 810 684 877 Jacobus
709 806 934 876 Gothofredus

74 940 93 982 e
118 917 231 983 codice
252 919 428 986 Parisiensi
451 924 549 1003 4806,
573 946 592 987 a
614 945 650 986 se
673 922 823 1007 inspecti,
847 923 934 1008 typis

75 1052 136 1095 eos
158 1031 324 1097 mandavit
344 1034 380 1098 in
396 1044 570 1101 comment.
587 1033 628 1098 ad
644 1034 664 1097 l.
681 1035 721 1098 10
738 1032 810 1099 cod.
827 1033 934 1098 Theo·

75 1140 204 1207 dosiani
232 1143 273 1208 de
302 1145 440 1211 metatis.
493 1146 555 1210 alia
588 1145 706 1230 quibus
735 1168 849 1210 versus
875 1146 934 1211 isti

73 1252 285 1321 offenduntur
312 1279 413 1342 opera
441 1257 605 1322 recensuit
634 1255 803 1324 Gerardus
827 1257 934 1323 Meer·

72 1388 225 1431 mannus.
250 1367 430 1450 (Burmann
452 1368 574 1433 anthol.
598 1368 653 1432 lat.
677 1370 737 1432 tt
762 1391 794 1454 p.
814 1370 890 1449 392)
916 1392 934 1435 e

74 1474 286 1543 Gothofredo
316 1481 456 1545 citantur
485 1478 749 1566 aWesselingio
779 1480 812 1544 in
839 1461 958 1564 prae-i

73 1589 200 1674 satione
224 1591 265 1656 ad
280 1591 456 1663 Jtineraria
551 1590 658 1675 ‘quod
679 1593 786 1677 ipsum
803 1591 934 1657 eviden-

72 1701 202 1766 tissime
224 1704 374 1787 liqueret,
398 1706 425 1770 si
448 1704 543 1790 plura
566 1727 606 1768 ex
629 1704 693 1768 illis
714 1703 844 1769 schedis
859 1704 933 1771 dac.

74 1809 301 1881 Gothofredus
331 1817 563 1901 excerpsisset3
594 1814 698 1879 editas
727 1815 813 1880 enim
836 1816 934 1881 hahe-

74 1946 167 2005 mus,
198 1936 234 1990 ut
265 1927 483 1993 contendendi
511 1928 553 1993 sit
579 1927 733 2008 facultas,
763 1928 803 1992 ab
827 1929 933 1992 Emm.

73 2031 321 2104 Schelstrateno
349 2049 373 2103 t.
389 2038 422 2104 ΙΙ
445 2039 525 2105 Ant.
549 2039 677 2104 Eccles.
703 2063 734 2123 p.
748 2040 835 2104 525³.
888 2040 934 2104 ibi

73 2158 185 2213 autem
213 2150 332 2238 legitur
360 2150 623 2217 ‘Dimensuratio
653 2152 888 2236 provintiarum
917 2174 934 2214 e

75 2260 192 2326 codice
215 2261 377 2329 Vaticano
401 2265 493 2344 244³,
519 2285 624 2345 neque
647 2260 805 2325 hocloco
828 2282 934 2343 nequo
1021 2244 1023 2248 ¹

73 2373 110 2437 in
133 2382 203 2438 toto
218 2373 453 2441 Schelstrateni
475 2374 559 2439 libro
583 2393 689 2438 sermo
704 2379 755 2435 est
771 2370 812 2435 de
827 2372 935 2437 missis
981 2388 983 2390 ’

74 2483 257 2550 Theodosii
269 2487 318 2551 vel
332 2485 372 2550 de
389 2485 562 2551 duodecim
577 2485 648 2550 istis
661 2483 820 2565 versibus,
836 2505 935 2567 quare

73 2595 160 2661 fides
182 2596 332 2663 habenda
347 2598 560 2663 Meermanno
584 2595 741 2661 asserenti
764 2594 804 2660 de
820 2593 935 2663 Schel-

74 2710 213 2776 strateni
236 2732 334 2794 opere
350 2710 358 2736 ‘
373 2733 437 2794 quo
453 2701 536 2774 hhro
560 2730 621 2773 nec
637 2706 858 2793 Wesselingio
873 2729 935 2773 nec

75 2820 158 2886 mihi
181 2822 279 2907 potiri
300 2821 417 2886 licuit’.

145 2929 324 2999 Salmasius
347 2933 521 2998 missorum
538 2929 717 2997 Theodosii
740 2930 937 2995 mentionem

75 3045 157 3110 fecit
185 3045 355 3128 aliquoties
384 3044 418 3108 in
453 3043 739 3109 exercitationibus
767 3041 936 3109 Plinianis.

75 3156 136 3222 Fr.
160 3153 416 3243 Christophorus
445 3153 487 3220 de
514 3153 646 3242 Scheyb
674 3156 708 3219 in
736 3153 937 3240 praefatione
