2386 3996
20 290 40 356 6,
51 297 73 341 9.
93 295 120 357 7,
133 299 144 343 1
157 258 222 343 Letr.
379 351 381 354 .
847 307 881 361 39

25 476 46 521 >1
72 450 274 518 rotunditate
301 453 454 536 vertitur,
484 465 520 519 ut
547 456 761 542 Bregantium
789 461 882 545 oppi-

32 577 46 622 a
74 555 153 621 dum
176 555 373 620 maritimum
394 557 541 623 includat
562 570 596 624 et
619 561 674 625 sic
690 584 724 627 se
740 563 774 626 in
789 585 882 628 ocea-

31 679 46 724 e
71 682 152 724 num
175 658 410 726 occidentalem
432 662 557 747 recipit.
592 666 694 729 currit
715 688 773 750 per
795 665 883 731 milia

30 781 48 826 4
73 783 170 833 COCX.

30 880 46 927 t
142 867 287 932 Hiberus
310 867 456 932 nascitur
479 870 541 934 sub
562 871 697 941 Assiriis
717 872 882 946 montibus
908 885 978 954 t,54

31 983 46 1028 c
72 970 235 1056 Pyrrenei
257 970 382 1036 vicinas
405 972 582 1040 inlustrans
607 975 793 1060 Hispanias.
833 977 883 1041 in-

31 1090 46 1135 7
71 1072 183 1139 tundit
210 1096 245 1139 se
275 1074 357 1138 mari
384 1075 475 1139 iuxta
502 1077 729 1144 Terraconam.
782 1080 884 1145 currit

30 1195 46 1240 a
73 1202 134 1264 per
156 1179 245 1243 milia
267 1196 366 1245 oc11u.
782 1240 785 1256 t

30 1299 46 1344 e
142 1282 236 1347 Haec
264 1282 372 1347 omnia
401 1305 485 1366 quae
513 1283 553 1349 de
582 1283 751 1350 fluminum
778 1286 884 1374 longi-

13 1400 46 1447 ιθ
73 1385 187 1475 tudine
210 1385 289 1468 dixi,
313 1411 354 1451 ex
377 1388 626 1474 cosmographia
648 1389 777 1475 accepi,

13 1503 46 1549 ιι
143 1488 297 1556 Scribens
316 1490 580 1576 dedethiopia
614 1513 695 1576 quae
723 1492 765 1556 ad
793 1492 883 1565 Afri·
910 1509 959 1578 7,1

13 1609 46 1655 12
76 1617 152 1659 cam
171 1595 324 1679 pertinet,
354 1595 394 1660 de
424 1595 626 1660 multiscius
654 1594 770 1662 insulis
793 1598 885 1662 iuxta

12 1712 46 1757 lc
74 1697 219 1762 Plinium
247 1696 435 1765 Secundum
468 1697 609 1764 breviter
641 1699 771 1765 locutus
800 1722 884 1782 sum,

13 1817 45 1863 14
75 1802 135 1869 sed
157 1803 279 1867 nullam
301 1803 489 1871 nominatim
511 1803 668 1888 praedixi.
706 1803 781 1869 ideo
803 1827 884 1889 pau-

13 1923 47 1970 15
75 1928 131 1970 cas
154 1929 195 1970 ex
216 1907 281 1971 illis
305 1928 441 1989 quarum
463 1893 595 1971 nomina
616 1907 759 1994 legeram
779 1907 885 1973 nomi-

14 2025 48 2070 16
75 2004 169 2074 natas
191 2009 371 2075 ostendam.
456 2090 457 2093 Ἴ

14 2131 47 2176 17
144 2113 245 2179 Jdem
267 2112 394 2180 Plinius
418 2099 589 2180 Secundus
618 2116 653 2179 in
681 2124 774 2179 sexto
800 2113 884 2187 libro
928 2125 944 2178 2

14 2232 48 2279 18
75 2217 166 2282 iuxta
178 2213 361 2302 Aethiopas
375 2218 531 2301 Aroteres
547 2218 671 2282 insulas
687 2239 759 2282 esse
776 2216 885 2296 docet,

14 2332 48 2378 19
74 2321 155 2386 item
169 2321 311 2385 Bachias
334 2329 367 2385 et
383 2310 600 2386 Antibacchias
624 2308 657 2384 et
672 2314 870 2386 Stratioton

13 2437 49 2484 ac
143 2424 333 2490 Priscianus
355 2425 389 2491 in
417 2426 500 2491 libro
524 2409 636 2510 quiin
660 2445 758 2511 greco
782 2422 886 2506 perie·
927 2439 944 2494 3

13 2539 47 2585 21
76 2529 165 2617 gesis
186 2530 372 2597 nominatur
393 2529 428 2594 id
452 2539 503 2596 est
524 2529 701 2615 descriptio
718 2526 806 2591 orbis
819 2536 886 2590 ter-

116 2684 127 2727 1
154 2681 307 2744 Brigantium
326 2678 392 2729 Letr.
485 2683 498 2730 5
523 2683 637 2743 Hyberua
661 2681 731 2728 lert.
749 2680 760 2726 ΙΙ
779 2677 887 2740 Amiriis]

76 2754 201 2812 astyribus
219 2754 291 2811 Hoc,
319 2753 440 2801 Asturicis
458 2754 524 2799 Lctr.
616 2755 630 2799 6
656 2748 783 2813 Pyrrenei]
803 2752 838 2796 ric
857 2750 884 2806 P,

76 2824 200 2884 phirrenai
218 2825 250 2881 D,
269 2826 399 2885 phyuenei
417 2825 441 2881 V,
462 2823 580 2883 Pyrenaei
597 2823 665 2868 Letr.
684 2822 694 2867 ll
710 2822 805 2867 vicinos
818 2820 884 2864 Letr.

76 2896 87 2942 ll
100 2894 261 2942 illustransV
283 2896 293 2942 ΙΙ
324 2893 471 2956 Hispanias]
487 2896 522 2940 ric
540 2893 597 2951 DP,
626 2890 800 2952 hyspaniasV,
829 2889 887 2936 His·

76 2981 156 3027 panos
169 2966 236 3013 Lctr.
310 2967 325 3012 7
344 2967 506 3014 Tarraconem
522 2963 622 3020 Wazct,
645 2963 806 3014 Tarraconem
817 2961 884 3006 Letr.

80 3038 113 3083 10
141 3039 337 3097 cosmographya
354 3037 379 3083 D
424 3035 451 3081 ΙΙ·
473 3042 530 3094 pctt
546 3036 638 3093 vaccepi
661 3033 716 3080 DV
736 3032 827 3079 adduct
850 3043 887 3081 vu

79 3110 113 3154 18
141 3109 283 3159 iuxta-19
308 3104 454 3168 Stratioton]
475 3105 539 3153 Plio.
551 3107 573 3163 6,
585 3104 638 3151 173
747 3106 778 3150 18
808 3098 888 3163 iuxta]

76 3194 153 3240 supra
165 3178 230 3225 Plu.
249 3179 264 3225 ll
276 3185 400 3226 acroteras
418 3179 450 3236 D,
470 3184 494 3224 et
509 3184 602 3224 roteras
619 3176 640 3222 V
715 3174 746 3219 19
766 3173 888 3219 Bacchias

77 3257 104 3299 et
121 3250 297 3298 Antibacchias
316 3251 383 3296 Lctr.
398 3250 450 3295 cam
462 3247 541 3294 Plinio
560 3247 570 3292 ΙΙ
586 3247 721 3294 stracicton
736 3242 757 3288 V
809 3244 840 3288 21
861 3241 893 3321 id

76 3320 125 3384 art]
141 3322 207 3368 idam
224 3320 246 3367 V
