2430 3998
163 275 321 335 ⁴⁴X

298 440 385 526 apud
401 441 576 523 Aethicum
599 449 632 506 et
648 440 775 508 Julium
790 440 975 508 Honorium
990 443 1154 531 leguntur.

298 554 498 618 enumeratio
522 556 671 636 marium,
698 553 887 636 insularum,
910 556 1069 622 montium
1093 546 1167 621 oet.¹

298 665 386 748 (Dio.
402 668 434 746 8,
452 667 596 749 26-30)
608 665 735 739 iisdem
750 665 859 732 verbis
882 667 941 733 sed
962 676 1087 733 mutato
1104 692 1157 734 or·

195 844 206 867 a
299 761 374 842 {tine
394 776 533 845 habetur
553 777 641 862 apud
656 778 832 845 Aetneum
849 781 977 864 (ptos.
992 782 1066 848 711.
1080 781 1157 844 717.

176 888 178 891 ’
301 890 365 954 720
386 885 504 973 Gron.)
533 889 591 957 sed
618 890 751 974 Aethici
779 889 879 955 verba
907 913 1005 956 sensu
1034 898 1158 974 carent,

299 1020 384 1083 curn
398 999 486 1067 dicat
515 998 690 1069 ‘orientalis
713 1024 851 1068 oceanus
875 1001 975 1069 habet·
996 1002 1098 1067 maria
1113 1039 1157 1050 -

298 1112 484 1178 insulas-
507 1113 657 1187 montes'.
715 1123 804 1180 recte
836 1114 947 1179 Dicuil
974 1113 1158 1180 *orientalis

296 1245 378 1309 pars
401 1224 499 1291 habet
521 1227 623 1290 maria
645 1263 687 1272 —
711 1226 835 1292 insulas
858 1265 900 1275 —
923 1227 1078 1293 montes'.

292 1378 296 1386 ·
365 1337 443 1403 Alio
472 1338 543 1403 loco
570 1337 684 1405 Dicuil
718 1338 759 1403 ab
791 1338 953 1420 Honorio
973 1337 1159 1425 corrigitur.

299 1450 398 1516 refert
409 1450 521 1516 Dicuil
537 1455 582 1535 (7,
595 1451 650 1529 23)
663 1449 714 1515 ‘in
729 1449 898 1536 praedicta
909 1444 1162 1536 cosmographia

299 1561 418 1648 legitur
441 1585 513 1628 esse
543 1564 649 1628 insula
672 1561 759 1628 Solis
783 1585 866 1647 quae
895 1562 1077 1648 appellatur
1102 1566 1161 1627 Pc-

298 1695 408 1757 rusca,
432 1673 488 1740 ubi
504 1672 638 1761 Ganges
661 1675 760 1739 intrat
781 1675 815 1739 in
832 1675 944 1739 mare’.
984 1672 1072 1759 apud
1087 1672 1161 1738 Hos

298 1787 429 1851 norium
452 1791 496 1874 (p.
512 1790 574 1855 601
593 1785 709 1869 Gron.)
733 1787 817 1857 inter
840 1785 966 1852 Oceani
990 1787 1161 1853 orientalis

298 1898 423 1964 insulas
446 1908 634 1964 recensetur
652 1897 752 1965 ‘Solis
772 1909 908 1980 perusto
931 1897 1060 1963 insulo'.

366 2009 490 2076 Multas
521 2021 630 2076 autem
659 2010 771 2077 Diouli
798 2009 1009 2096 allegationes
1037 2034 1055 2076 e
1085 2032 1163 2075 cos-

301 2122 491 2208 mographia
507 2122 696 2209 desumptas
718 2120 806 2208 apud
821 2120 975 2204 Plinium,
999 2120 1162 2205 Solinum,

301 2233 495 2316 Aethicum,
537 2234 736 2317 Honorium,
777 2233 920 2318 reliquos
956 2233 1175 2317 antiquitatis·

299 2346 507 2433 geographos
530 2349 651 2426 frustra
667 2346 823 2432 quaesivi.

368 2457 503 2522 Maioris
533 2460 688 2523 momenti
711 2467 867 2543 excerpta
896 2468 973 2522 sunt
996 2479 1035 2521 ex
1060 2480 1161 2543 opere

301 2569 476 2634 missorum
499 2569 676 2635 Theodosii
699 2569 903 2656 deprompta.

368 2680 475 2746 Multo
510 2690 683 2767 antequam
712 2681 836 2746 Dicuili
865 2681 948 2746 liber
983 2681 1111 2767 integer
1141 2703 1162 2745 a

299 2790 551 2860 Walckenaerio
573 2795 758 2881 publicatus
778 2804 876 2875 esset,
900 2791 1073 2864 duodecim
1088 2813 1162 2856 ver-

299 2929 358 2971 sus
387 2905 509 2973 heroici
538 2896 912 2973 missorumTheodosii
941 2906 992 2987 (5,
1015 2905 1055 2986 4)
1086 2925 1163 2968 eru·

300 3017 378 3095 ditis
393 3019 611 3085 innotuerant.
646 3017 792 3082 meminit
808 3040 920 3082 eorum
933 3016 1068 3081 Marcus
1081 3013 1163 3090 Vel-

300 3151 393 3199 serus
428 3129 461 3195 in
495 3129 635 3214 epistula
668 3129 711 3194 ad
739 3128 923 3214 Josephum
955 3125 1164 3215 Scaligerum
