2430 3998
294 273 329 320 VI

294 426 456 492 Hadriani
491 425 605 516 Nilum
639 427 725 490 inter
759 433 792 489 et
826 424 934 490 sinum
965 423 1158 506 Arabicum,

296 538 337 604 de
367 561 505 624 magnae
535 536 711 624 pyramidis
741 535 931 618 altitudine,
967 535 1007 600 de
1036 537 1157 621 priscis

257 706 260 708 ,
294 648 464 715 Jslandiae
494 649 631 732 incolis,
654 648 695 713 de
718 649 800 713 mari
823 648 941 730 Jonio,
973 647 1157 729 Adriatico,

295 761 467 846 Tyrrheno
492 761 655 827 disseruit.

362 872 548 938 Divenditis
572 887 680 937 autem
696 871 866 955 utriusque
882 871 1032 937 editionis
1048 895 1158 937 axem-

241 1060 248 1075 ·
294 983 441 1069 plaribus
465 984 553 1049 haud
581 1008 598 1048 e
622 1006 657 1048 ra
684 983 763 1047 mihi
786 983 893 1047 visum
921 991 988 1064 est,
1016 1006 1079 1068 ope
1103 1006 1158 1049 co·

176 1093 181 1104 '
295 1092 377 1160 dicis
392 1095 597 1162 Drcsdensis
614 1097 671 1180 (Ι).
691 1096 766 1178 182)
787 1095 929 1179 optimae
952 1104 1059 1178 notae,
1082 1103 1158 1161 ante

296 1205 357 1271 hos
380 1207 497 1293 viginti
521 1216 553 1273 et
575 1216 642 1273 tres
665 1229 769 1272 annos
792 1231 812 1271 a
840 1231 891 1272 me
921 1207 1071 1290 excussi,
1099 1229 1159 1273 no·

295 1340 371 1383 vam
386 1301 510 1385 Dicuili
535 1319 709 1385 editionem
724 1318 802 1384 viris
818 1318 924 1385 doctis
939 1342 1133 1405 proponere.

363 1431 416 1494 De
447 1431 573 1497 Dicuili
606 1430 739 1516 scriptis
773 1453 880 1517 pauca
913 1431 1159 1517 praemonenda

297 1548 382 1605 sunt.
416 1551 545 1627 praeter
566 1543 686 1614 librum
709 1541 750 1606 de
773 1565 927 1609 mensura
947 1544 1035 1609 orbis
1050 1552 1158 1611 terrae

297 1653 467 1738 epistulam
493 1655 676 1739 composuit
705 1653 744 1717 de
773 1655 1020 1737 quaestionibus
1044 1655 1159 1722 decem

296 1765 375 1830 artis
387 1765 630 1852 grammaticae,
643 1787 741 1848 quam
751 1765 822 1850 ipsc
835 1776 1003 1849 memorat,
1018 1767 1114 1852 (prol.
1125 1770 1158 1852 1)

285 1870 350 1940 ‘edi
367 1878 494 1942 curavit
512 1875 674 1942 Prisciani
689 1877 882 1962 partitiones
898 1878 1072 1944 duodecim
1087 1904 1162 1946 ver-

298 2009 394 2052 suum
410 1987 578 2054 Aeneidos
595 1988 835 2075 principalium,
852 2013 935 2074 quae
953 1991 1163 2056 continentur

298 2099 414 2165 codice
436 2101 593 2168 Leidensi
616 2099 778 2166 Vossiano
806 2101 859 2166 33.
900 2101 1076 2185 (Priscian.
1107 2101 1160 2169 ed

232 2287 233 2290 Ἴ
297 2209 385 2294 Keil,
408 2215 466 2278 tl
490 2237 522 2299 p.
537 2216 611 2280 389.
637 2215 725 2297 390).

363 2324 511 2392 Libellus
537 2325 578 2391 de
602 2347 755 2392 mensura
777 2325 867 2390 orbis
891 2333 997 2390 terrae
1020 2325 1161 2401 refertus

298 2444 348 2500 est
377 2437 475 2500 variis
505 2445 674 2500 auctorum
702 2435 906 2517 nominibus,
938 2458 1076 2520 quorum
1106 2437 1162 2503 hic

298 2546 446 2629 sequitur
462 2546 632 2612 elenchus:
653 2547 815 2633 Agrippa,
832 2547 1073 2630 Artemidorus,
1090 2548 1163 2614 Au-

297 2658 386 2744 gusti
421 2657 673 2745 chorographia,
713 2657 865 2725 Caesaris
900 2660 1162 2748 cosmographia,

298 2767 496 2855 Clitarchus,
526 2771 765 2850 Dicaearchus,
793 2771 960 2856 llphorus,
986 2771 1161 2856 Eudoxus,

297 2881 481 2966 Fabianus,
515 2883 641 2951 Fidelis
670 2884 787 2961 frater,
817 2881 1022 2965 Hecataeus,
1052 2883 1163 2950 Hero·

298 2992 406 3076 dotus,
431 2994 607 3076 Homerus,
636 2994 791 3061 Jsidorus
815 2993 1035 3080 Hispalensis,
1058 2995 1163 3079 Juba,

298 3102 516 3187 Onesicritus,
540 3103 691 3189 Orosius,
718 3105 901 3188 Philemon,
928 3105 1066 3188 Plinius,
1088 3106 1164 3172 Pri·

295 3217 442 3300 scianus,
470 3217 628 3305 Pytheas,
651 3215 817 3301 Sedulius,
845 3217 991 3300 Servius,
1013 3216 1165 3303 Solinus,
