2430 3998
34 198 164 268 imno.
870 211 904 265 45

60 388 77 434 1
162 374 273 440 Julius
297 371 435 439 Solinus
457 371 490 433 in
522 366 731 434 collectaneis
755 365 796 430 de
819 365 903 431 Ger·
929 379 954 447 7,
966 382 999 437 16

59 479 203 543 nmauia
226 486 323 560 atque
346 474 461 540 insulis
484 473 567 538 eius:
597 472 632 535 in
654 471 717 535 hoc
738 477 847 534 tractu
870 476 903 534 et

62 581 128 647 uin
152 582 241 646 omni
265 576 525 665 septentrionalis
552 574 650 661 plaga
672 573 817 639 bisontes
839 573 902 638 fre·

59 705 72 749 4
96 684 311 768 quentissimi‚
335 681 390 765 qui
413 679 517 744 bobus
540 679 617 742 feris
640 677 773 759 similes,
801 677 902 741 setosi

57 810 69 856 5
96 788 190 865 collo,
213 787 291 852 iuba
313 783 446 865 horridi,
468 785 553 847 ultra
575 792 686 847 tauros
710 781 900 867 pernicitate
928 838 930 841 ,

54 914 67 959 6
95 892 183 976 capti
208 911 409 956 assuescere
429 908 527 951 manu
555 886 714 951 nesciunt.
767 893 843 950 sunt
868 893 901 949 et

53 1020 66 1064 7
93 994 143 1059 uri
166 1016 247 1078 quos
270 991 457 1077 imperitum
480 989 597 1076 vulgus
627 997 723 1053 vocat
751 987 900 1070 bubalos,

50 1120 166 1178 acum
195 1095 307 1162 bubali
341 1117 425 1179 pene
453 1093 496 1158 ad
528 1092 691 1157 cervinam
719 1091 835 1156 faciem
865 1093 898 1155 in

50 1228 64 1272 9
91 1201 206 1266 Africa
228 1208 450 1286 procreentur.
500 1196 572 1260 istis
594 1217 694 1280 porro
718 1215 799 1277 quos
822 1216 897 1259 uros

33 1329 64 1374 ro
90 1303 229 1369 dicimus
252 1302 380 1368 taurina
403 1322 526 1365 cornua
553 1299 587 1362 in
616 1305 743 1362 tantum
765 1295 897 1362 modum

33 1430 63 1474 11
89 1406 338 1492 protenduntur,
367 1415 404 1470 ut
432 1404 562 1489 dempta
592 1401 634 1466 ob
661 1401 821 1487 insignem
844 1423 898 1466 ca-

33 1531 63 1576 12
90 1511 264 1594 pacitatem
286 1509 372 1574 inter
394 1508 501 1594 regias
524 1527 652 1571 mensas
681 1515 815 1590 potuum
839 1527 896 1590 ge-

33 1635 65 1681 18
88 1614 160 1678 rula
182 1614 271 1678 fiant.
306 1626 357 1678 est
380 1621 412 1677 et
434 1611 520 1676 alces
544 1609 639 1675 mulis
664 1607 895 1694 comparanda,
940 1617 973 1670 17

33 1734 65 1782 14
88 1716 170 1780 adeo
193 1739 357 1802 propenso
385 1716 477 1781 labro
506 1715 672 1799 superiore
700 1712 822 1789 utnisi
845 1736 895 1777 re-

35 1836 63 1884 1u
88 1819 210 1884 cedens
243 1819 277 1883 in
312 1820 492 1905 posteriora
525 1818 663 1904 vestigia
701 1818 794 1903 pasci
828 1838 894 1881 uon

34 1935 63 1983 lo
87 1929 195 2007 queat.
248 1922 371 1989 Gravia
397 1922 505 1988 insula
531 1922 675 2009 regionis
699 1919 894 1988 Germaniae

32 2041 58 2088 17
87 2029 188 2092 mittit
210 2027 328 2092 animal
352 2027 447 2112 quale
471 2028 557 2092 alces
581 2035 614 2090 et
631 2026 683 2089 cui
700 2025 893 2112 suffragines

32 2143 57 2190 18
87 2129 175 2195 flecti
198 2139 378 2214 nequeunt:
402 2138 575 2215 propterea
593 2151 659 2192 non
681 2127 803 2192 cubant
818 2150 893 2193 cum

32 2244 53 2289 9
88 2232 315 2299 dormiendum
338 2242 397 2316 est,
419 2241 528 2297 tamen
543 2231 782 2299 somnolentum
797 2230 894 2296 arbor

123 2442 137 2486 2
167 2443 192 2487 in
221 2442 267 2487 hoc
296 2441 471 2498 tractu-46,
498 2442 512 2486 7
547 2439 640 2502 ipsum]
667 2439 804 2496 Solimo,
823 2439 893 2485 4-8

88 2515 102 2559 8
130 2513 304 2570 septentrionis
328 2509 405 2556 dolia.
433 2512 443 2556 ΙΙ
467 2512 574 2557 visontes
596 2511 674 2557 Solia.
770 2512 787 2557 4
814 2511 894 2557 bobus

88 2581 162 2642 (corr.
177 2583 268 2639 bubus)
282 2581 310 2640 Ρ,
330 2582 400 2628 bovis
413 2581 490 2627 dolia.
508 2581 518 2626 ll
534 2580 603 2644 feris]
622 2584 657 2644 ric
668 2583 745 2639 Letr„
768 2583 819 2627 fieri
832 2582 856 2626 D
866 2582 891 2639 V,

87 2653 128 2699 ieri
150 2653 227 2714 (corr.
246 2652 307 2714 fere)
325 2653 353 2710 P,
372 2653 416 2700 ieri
435 2650 511 2698 Solia.
573 2653 586 2697 7
607 2650 756 2714 imperitum]
772 2655 807 2698 ric
824 2652 891 2697 Letr.

88 2737 138 2769 erun
157 2723 250 2781 Selino,
288 2723 425 2770 inmeritum
449 2722 518 2768 codd.
564 2721 573 2766 ll
617 2723 722 2769 bubalus
744 2727 818 2769 vocat
840 2722 896 2767 DV

89 2793 280 2854 tprocroentur
297 2796 322 2840 in
341 2795 417 2840 africe
439 2794 496 2839 DV
527 2793 537 2838 ΙΙ
572 2794 614 2840 isti
636 2794 659 2839 P
735 2796 766 2840 10
795 2794 820 2839 in
838 2799 893 2839 tan·

87 2864 153 2926 turn]
176 2861 348 2912 intrantumV
402 2867 430 2911 ll
452 2865 551 2925 'dempta
569 2865 668 2923 dempta
686 2865 742 2911 DV
789 2865 819 2911 13
839 2865 892 2910 alec

87 2934 163 2982 Solia.
257 2937 288 2984 15
317 2934 395 2997 pasci]
411 2938 445 2981 ric
464 2936 522 2981 editi
539 2949 591 2981 cum
609 2935 701 2995 Selino,
733 2935 804 2995 quasi
822 2934 890 2981 codd.

88 3007 119 3052 16
139 3008 224 3065 grauia
239 3005 263 3067 (a
276 3006 424 3065 suprau)P,
454 3004 581 3066 Gangavia
598 3005 676 3052 Solia.
768 3007 799 3051 17
819 3003 891 3062 quale
983 3060 989 3069 .

86 3076 151 3123 alces
169 3083 195 3123 et
214 3074 263 3138 cui]
281 3077 353 3135 quale
371 3076 423 3122 ulca
441 3077 485 3122 sed
503 3078 573 3123 cuius
594 3075 672 3124 Solia.
699 3075 709 3120 ll
731 3069 789 3134 pbst
807 3074 891 3120 suffra·

85 3148 154 3205 gines
178 3145 256 3192 Solia.
275 3146 341 3193 aua·
354 3153 382 3194 ut
405 3146 541 3205 elephantis
651 3149 681 3192 18
711 3147 786 3193 cubat
812 3143 889 3190 Solio.

88 3217 118 3263 19
149 3217 301 3265 somnolenta
318 3218 574 3275 Dlfiksomnulentam
592 3216 670 3262 Solio.
715 3242 718 3244 -
