2430 3998
206 316 208 321 ¹
272 337 307 390 46
429 321 432 326 ’
975 334 1172 398 casnm.

274 493 427 574 sustinet,
458 513 541 575 quae
562 512 666 576 prope
693 511 840 557 casuram
870 499 1016 570 secatur,
1044 498 1081 553 ut
1148 505 1164 550 1

273 597 342 683 fera
372 595 449 660 dum
479 594 618 660 assuetis
638 593 811 669 ,fulmentis
839 593 954 679 nititur
980 592 1081 661 faciat
1144 610 1163 656 a

273 700 409 764 ruinam.
454 699 500 763 ita
531 698 674 783 capitur:
703 696 846 781 alioquin
874 696 1007 761 difficile
1031 705 1082 762 est
1140 714 1159 760 u

273 826 345 868 eam
368 802 562 887 mancipari:
592 825 668 866 nam
693 798 741 864 ¹in
757 799 813 865 illo
840 801 950 888 rigore
972 800 1080 885 popli·
1137 819 1158 862 4

179 919 248 986 ms
273 915 343 972 tum
376 904 698 992 incomprehensibili
726 905 804 990 fuga
832 904 942 990 pollet.
995 902 1081 969 Ger·
1135 918 1154 964 5

198 1239 230 1292 19

273 1009 473 1076 manicarum
500 1010 678 1075 insularum
708 1004 906 1073 Oandinavia
938 1008 1081 1072 maxima
1134 1024 1153 1068 6

273 1122 334 1195 est,
357 1112 415 1178 sed
431 1113 511 1177 nihil
525 1113 559 1177 in
575 1135 613 1177 ea
629 1134 784 1198 magnum
800 1121 927 1197 praeter
940 1113 1056 1198 ipsam.
1132 1123 1151 1170 7

340 1217 466 1281 Plinius
495 1213 668 1283 Secundus
702 1216 735 1279 in
768 1214 851 1280 libro
886 1224 1004 1300 quarto
1039 1216 1079 1281 de
1126 1229 1152 1272 8

273 1320 522 1406 septentrionali
559 1342 681 1384 oceano
716 1317 861 1385 Soithiae
898 1320 1079 1405 insulisque
1127 1327 1151 1374 9

271 1423 375 1488 illius:
393 1423 678 1508 septentrionalem
695 1410 853 1488 oceanum
869 1423 1079 1489 Amalchium
1102 1434 1157 1489 10

271 1526 460 1592 Hecataeus
483 1527 634 1612 appellat,
658 1527 892 1612 aPurapaniso
913 1549 1007 1592 amne
1024 1527 1078 1611 qui
1100 1534 1157 1591 11

272 1627 430 1700 Scithiam
459 1629 562 1710 alluit,
597 1629 685 1714 quod
719 1631 837 1695 nomen
871 1632 940 1695 eius
970 1631 1078 1717 gentis
1101 1638 1167 1698 rw

217 1763 220 1767 ’
271 1733 385 1820 lingua
408 1734 571 1821 significat
600 1734 807 1820 congelatum
835 1757 939 1798 marei
968 1733 1077 1799 Phile·
1102 1745 1162 1803 iffi

271 1858 348 1901 mon
371 1836 624 1903 Morimarusam
646 1861 666 1902 a
689 1834 831 1901 Cimbris
854 1835 934 1901 dicit
956 1839 1077 1919 vocari,
1103 1856 1197 1906 μβ

271 1940 335 2004 hoc
358 1948 410 2004 est
423 1951 589 2006 mortuum
603 1963 705 2019 mare3
728 1939 805 2004 iude
825 1961 930 2024 usque
946 1941 988 2005 ad
1002 1965 1079 2026 pro·
1103 1963 1153 2009 15(
1186 1951 1203 1965 ⁴

272 2043 471 2108 muntor-ium
494 2043 643 2126 Rubeas,
671 2043 756 2109 ultra
778 2042 896 2113 deinde
920 2041 1079 2110 Cronium
1104 2068 1134 2115 16
1160 2043 1203 2088 ⁴³

311 2214 324 2258 1
340 2218 399 2271 post
417 2213 522 2260 sustinet
539 2213 597 2259 editi
614 2212 670 2258 cdd.
689 2218 714 2258 et
731 2211 741 2258 ll
758 2210 878 2274 casuram]
895 2214 930 2258 air
941 2213 1077 2272 DPLur,

272 2282 399 2340 casuraV,
428 2285 460 2348 ad
478 2297 588 2331 casuram
610 2282 702 2330 Walolr.
776 2283 932 2330 illamentis
950 2283 973 2329 P
989 2283 999 2329 ll
1015 2285 1079 2332 inni·

271 2355 332 2401 titur
349 2353 426 2400 Solio.
446 2348 447 2351 '
483 2355 497 2401 5
520 2358 535 2402 6
554 2354 752 2402 Germanicarum
770 2351 913 2415 insularum]
931 2355 960 2402 de
979 2354 1079 2402 Germa-

271 2426 334 2471 nicis
352 2425 437 2472 insulis
456 2425 533 2470 Solia.
590 2426 604 2471 6
624 2422 785 2485 Candinavia]
801 2426 836 2470 sir
847 2424 880 2483 D,
900 2427 1033 2472 scandauis
1048 2427 1077 2484 P,

272 2496 394 2541 candauia
408 2495 432 2552 V,
448 2495 575 2555 Gangsvia
587 2494 673 2550 Solia„
684 2492 852 2559 ¹scandinavia
864 2495 922 2541 editi
934 2510 985 2542 oram
997 2496 1078 2544 Plinio

274 2565 381 2610 67est
399 2566 507 2612 maxima
524 2565 580 2612 DV
641 2564 788 2612 ‘inichilV
851 2567 881 2611 10
902 2569 1078 2624 septentriona-

270 2633 399 2692 lem-47,
417 2637 447 2681 10
467 2632 609 2696 contegunt]
625 2634 726 2693 Plini,
740 2635 784 2683 94.
797 2637 829 2682 96
860 2696 862 2701 Ι
891 2639 1011 2695 8quarto
1032 2653 1078 2685 om.

273 2704 342 2751 codd.
417 2707 431 2751 9
452 2704 568 2767 Scythiae
586 2706 643 2752 editi
661 2706 670 2751 ΙΙ
687 2704 832 2768 insulisque]
847 2709 882 2753 sir
900 2707 978 2764 codd,
998 2703 1023 2754 et
1041 2710 1080 2756 iu·

271 2775 419 2836 sulichtr.,
439 2778 525 2825 insulis
541 2776 633 2825 Wolck.
672 2779 704 2824 10
717 2776 939 2840 -ulmachianl'
976 2780 1007 2823 11
1028 2780 1079 2827 Ηε·

272 2846 380 2909 catseus]
396 2851 431 2894 aio
448 2849 515 2899 Lair.
536 2864 587 2895 oum
605 2848 678 2907 Pin,
705 2849 840 2895 hechateus.
854 2849 886 2903 D,
913 2848 1032 2896 hecathus
1049 2850 1077 2908 P,

270 2916 397 2965 lechateus
421 2919 442 2964 V
465 2920 475 2965 ll
501 2919 618 2978 appellat,
639 2917 664 2980 ε]
681 2918 820 2979 appelletur
842 2918 864 2963 V
883 2917 893 2964 ΙΙ
918 2918 1081 2983 Parapaniso]

271 2989 306 3034 sic
317 2988 346 3045 P,
365 2989 478 3046 parasino
491 2989 550 3046 DV,
569 2990 717 3048 Parapasino
732 2988 831 3048 Walclr,
851 2988 999 3048 Paropaniso
1009 2991 1079 3038 Letr.
1101 2988 1104 2992 ’

271 3056 282 3104 ΙΙ
294 3056 347 3120 qui]
364 3071 437 3116 quam
455 3059 532 3120 (corr.
552 3063 594 3119 qui
611 3060 646 3120 P)
664 3059 719 3116 DP,
745 3074 793 3118 qua
809 3059 873 3108 Plio.
958 3061 989 3107 12
1018 3060 1080 3122 Scy·

269 3129 349 3176 thiam
367 3128 425 3175 editi
498 3132 529 3176 18
548 3144 614 3177 mare
632 3145 677 3176 om.
689 3129 754 3177 Plio.
838 3132 869 3178 13
891 3133 922 3176 14
942 3131 1081 3195 Philemon]

271 3200 337 3258 apud
353 3198 502 3258 PHMM
542 3203 574 3248 14
594 3202 837 3248 morimarimarusum
854 3200 877 3246 P
917 3203 949 3249 15
972 3204 1003 3248 16
1022 3217 1080 3262 pro·

271 3269 429 3333 muntorium]
440 3274 474 3317 sic
484 3273 507 3320 P
512 3286 554 3331 pr.
567 3287 640 3331 mon,
658 3272 864 3332 promunctorium
873 3272 897 3318 D
907 3271 930 3318 V
938 3278 961 3318 et
973 3288 1039 3321 corr.
1049 3277 1078 3333 P,

272 3344 463 3399 promontorium
482 3343 540 3389 editi
613 3345 645 3391 16
664 3340 790 3405 Cronium]
806 3343 913 3391 nonium
930 3343 960 3393 D,
