2430 3998
296 326 355 419 82¹
613 314 634 353 τ’
763 315 766 322 ¹
803 366 808 370 ’
1002 363 1188 429 asam

257 541 272 589 s
341 518 523 584 Piniferum
557 509 723 602 caputet
755 525 852 600 rento
889 516 1040 601 pulsatur
1072 525 1103 582 et
1169 539 1177 583 ι

597 618 600 619 ’
790 620 905 706 ymbri.
1101 652 1107 674 ·-
1166 641 1178 686 2

257 743 271 790 6
298 787 301 794 ,
342 724 411 790 Nix
433 726 586 791 humeros
609 725 718 788 infusa
744 725 844 810 tegit:
874 733 943 788 tum
971 722 1104 787 flumina
1164 745 1175 789 a

423 903 425 907 ι
700 885 704 889 ,
789 837 898 916 mento
944 870 945 874 =
1099 840 1101 845 '
1161 849 1173 893 4

257 949 271 993 7
342 930 563 1016 Praecipitant
586 918 685 997 senis
697 938 730 996 et
750 931 855 1018 glacie
875 932 961 1018 riget
975 931 1104 996 horrida
1160 937 1170 996 5

321 1020 324 1027 ’
452 1026 454 1030 ’
552 1108 555 1113 ,
790 1034 901 1102 barba.
1157 1052 1167 1096 c

203 1142 273 1211 l,10
366 1136 412 1227 Jn
445 1137 540 1214 tertio
573 1160 671 1203 versu
708 1138 804 1203 huius
839 1138 979 1223 exempli
1003 1135 1103 1224 'prae-
1154 1158 1164 1202 7

240 1234 252 1320 J
299 1241 419 1327 scripto
440 1241 599 1308 altissima
623 1242 792 1307 eacumina
815 1229 937 1307 dixisse
961 1252 1102 1321 autumo,
1148 1258 1160 1302 a
1212 1318 1213 1327 ἵ

297 1345 332 1410 in
355 1345 426 1410 aliis
451 1345 701 1412 succedentibus
730 1347 812 1432 ipsis
839 1344 993 1411 inferiora
1016 1338 1103 1410 monss
1144 1364 1155 1407 a

299 1448 568 1535 strassc'opinor.
657 1439 659 1443 ⁸
877 1510 880 1516 .
921 1459 924 1464 '
1116 1469 1152 1516 ‚io
1207 1474 1208 1478 ¹

365 1552 491 1618 Plinius
514 1552 687 1619 Secundus
716 1554 750 1617 in
768 1553 857 1617 libro
880 1551 1027 1618 secundo
1050 1575 1103 1615 na·
1126 1572 1148 1617 11

298 1656 411 1720 turalis
450 1657 603 1722 historiae
642 1657 683 1722 de
721 1658 878 1723 altissimo
913 1657 1103 1721 Thessaliae
1126 1672 1148 1719 n

297 1769 407 1823 monte
440 1760 549 1826 refert.
601 1760 806 1826 Dicearchus
839 1748 888 1824 vir
922 1748 956 1824 in
990 1759 1103 1844 primis
1126 1779 1150 1826 ia

298 1862 444 1927 eruditus
460 1887 573 1949 regum
596 1886 675 1928 cura
694 1887 886 1948 permensus
902 1875 1042 1945 montes,
1066 1887 1104 1926 ex
1127 1887 1151 1931 n

298 1964 416 2047 quibus
441 1966 632 2031 altissimum
662 1966 807 2051 prodidit
830 1968 944 2032 Pelion
972 1967 1104 2031 milibus
1128 1992 1152 2038 15
1206 2041 1207 2048 χ

298 2087 358 2136 con
380 2091 536 2153 passuum
560 2070 686 2134 ratione
707 2071 946 2155 perpendiculi.
982 2071 1016 2134 in
1033 2070 1104 2134 alti·
1128 2098 1155 2143 15

297 2171 408 2236 tudine
433 2173 631 2238 ascensionis
654 2174 827 2257 Alpiumn
851 2176 921 2239 fore
944 2176 1021 2261 legi,
1046 2174 1104 2239 sed
1130 2200 1156 2244 17
1212 2197 1213 2202 ’

296 2298 362 2340 non
386 2276 540 2341 recordor
563 2279 596 2342 in
620 2300 683 2361 quo
707 2277 790 2342 libro
814 2280 953 2363 repperi.
1011 2341 1013 2344 ,
1130 2302 1157 2346 is

364 2362 559 2461 Quanquam
581 2380 768 2445 Priscianus
790 2381 822 2444 in
844 2382 1006 2467 periegesi
1023 2381 1105 2466 Pyr·
1130 2405 1159 2449 ie

296 2503 429 2545 reneum
445 2481 625 2567 Hispaniae
648 2494 792 2548 montem
817 2484 987 2549 sublimem
1008 2485 1103 2548 nimis
1129 2509 1160 2554 ac

295 2583 366 2647 fieri
389 2585 422 2646 in
445 2585 508 2648 hoc
531 2608 628 2650 versu
652 2586 784 2651 edocuit
807 2587 933 2654 dicens:
1129 2611 1158 2655 ai

333 2828 346 2872 2
367 2827 440 2872 imbri
459 2828 516 2874 editi
583 2829 597 2874 3
617 2827 679 2890 tum]
697 2844 751 2874 curn
770 2829 790 2873 V
851 2832 865 2874 8
886 2831 1006 2876 altissima
1025 2830 1102 2890 (corr.

295 2895 414 2956 altisima)
430 2898 452 2941 P
477 2899 486 2943 ll
513 2900 629 2944 authumo
648 2900 723 2960 (corr.
734 2905 833 2945 autumo
843 2900 878 2961 P)
896 2902 947 2946 ΒΡ
1003 2904 1031 2946 11
1055 2902 1104 2947 Pli-

294 2969 349 3013 nius
363 2967 387 3025 2,
403 2967 456 3012 162
517 2971 547 3015 13
568 2970 730 3016 Dicaearchus
752 2971 815 3015 Letr.
879 2974 910 3016 14
930 2985 1068 3030 permenses
1086 2973 1107 3016 V

298 3039 328 3083 15
351 3039 381 3083 16
411 3038 509 3084 milibus
528 3039 677 3101 conlucer,
695 3039 758 3086 Plirn
861 3043 891 3087 18
921 3057 969 3088 non
989 3045 1104 3089 recordor

295 3110 320 3155 in
344 3122 391 3166 quo
414 3109 477 3155 libro
502 3109 611 3171 repperi]
634 3112 750 3170 quosdam
775 3110 874 3170 Alpium
899 3114 1003 3160 vertices
1026 3113 1101 3173 longo

294 3185 373 3231 tractu
396 3193 440 3225 nec
464 3181 574 3226 breviore
598 3183 776 3241 quinquaginta
803 3181 896 3228 milium
919 3197 1035 3241 passuum
1059 3186 1101 3229 ad-

295 3263 401 3308 surgere.
421 3249 583 3308 Plin.2‚162
610 3252 620 3297 ΙΙ
645 3251 752 3314 repperi]
771 3252 875 3308 sicDP,
905 3254 984 3312 reperi
1003 3254 1101 3300 VLetr.

297 3322 326 3366 19
346 3321 469 3368 Prisciani
483 3324 576 3382 perieq.
595 3337 617 3368 v.
628 3321 679 3367 337
724 3325 754 3368 19
770 3325 808 3370 20-
822 3323 972 3384 Pyrenaeum
991 3325 1059 3370 Lctr.
1079 3332 1117 3375 et,

293 3393 328 3436 rie
341 3403 420 3504 pogro
475 3392 507 3438 20
527 3394 648 3440 sublimen
666 3394 690 3438 D
753 3395 785 3439 21
806 3391 868 3456 fieri]
884 3395 990 3453 rteDV,
1010 3399 1052 3445 ier
1070 3396 1103 3454 P,

293 3475 339 3507 om.
357 3473 370 3504 e
388 3461 416 3504 iri
