2430 3998
219 269 331 349 >xn
430 364 435 377 ι

283 457 326 522 ad
348 455 509 521 Tabulam
531 454 806 540 Peutingeranam
829 453 939 536 (1753.
963 476 996 538 p.
1010 454 1066 536 25)
1090 475 1146 516 ex·

284 577 395 653 eerpta
429 567 586 632 nonnulla
616 564 798 650 Schopffini
826 589 844 630 e
873 565 997 629 Dicuili
1029 562 1145 629 codice

283 679 461 745 Parisiensi
477 680 564 744 4806
587 679 677 763 typis
694 677 862 763 expressit.
884 675 1039 760 denique
1061 677 1144 742 duo-

285 791 391 855 decim
419 776 533 855 uersus
562 789 684 854 heroici
714 791 868 876 leguntur
896 787 984 874 apud
1006 789 1147 855 Werns-

170 977 171 981 η
285 902 423 967 dorfium
446 910 533 985 poet.
558 901 614 965 lat.
638 901 714 965 min.
736 910 763 964 t.
778 903 843 983 5‚1
869 924 902 986 p.
915 902 991 965 533.

352 1015 472 1078 Terrae
496 1035 681 1077 mensuram
710 1037 729 1076 a
752 1011 940 1077 Theodosio
963 1012 1146 1077 institutam

285 1148 359 1204 eum
379 1134 507 1210 praeter
522 1122 690 1192 Diouilum
707 1148 801 1189 nemo
819 1132 985 1211 memoret,
1009 1122 1146 1188 dubium

284 1238 364 1318 fuit,
398 1261 439 1300 an
468 1235 675 1300 Theodosius
703 1237 720 1300 I
749 1245 805 1302 aut
832 1233 865 1302 II
892 1237 1001 1321 operis
1029 1244 1148 1301 auctor

252 1335 253 1338 Ἴ
285 1348 456 1415 habendus
480 1349 539 1426 sit;
563 1347 740 1413 identidem
756 1346 993 1434 ambigebatur,
1015 1370 1057 1410 an
1072 1369 1147 1410 ver-

286 1483 342 1526 sus
361 1464 379 1525 7
400 1459 461 1524 ‘ter
485 1461 591 1543 quinis
616 1461 720 1545 aperit
744 1482 817 1523 oum
840 1442 984 1524 fascibus
1007 1459 1142 1522 annum’

286 1571 328 1636 ad
366 1570 569 1636 consulatum
604 1579 661 1634 aut
694 1570 735 1635 ad
770 1571 973 1656 imperatoris
1008 1593 1148 1657 regnum

286 1692 425 1768 spectet.
485 1681 719 1748 Meerniannus
742 1682 917 1748 ‘fascibus’
948 1683 1086 1746 mutavit
1113 1682 1148 1746 in

280 1793 463 1872 ‘fastibusss
486 1792 631 1858 adhibito
654 1794 901 1859 Lucaniversu
925 1796 1084 1877 (10‚187)

329 1967 404 2032 Neo
427 1989 517 2031 meus
540 1967 672 2033 Eudoxi
695 1969 843 2033 vincetur
865 1967 1004 2032 fastibus
1028 1990 1146 2032 annus.

232 2156 233 2159 ’
353 2130 421 2198 Sed
435 2132 515 2196 nihil
531 2132 731 2196 mutandum.
756 2130 844 2218 apud
856 2132 1148 2197 Diouilum‘fasoi—

268 2232 360 2310 ‘bus’
391 2244 432 2310 ab
456 2244 605 2310 omnibus
633 2253 743 2308 tuetur
773 2244 957 2326 codicibus,
988 2254 1020 2308 et
1050 2244 1150 2309 simili

241 2357 242 2360 ’
287 2356 385 2421 modo
416 2355 503 2442 apud
527 2355 704 2420 Aethioum
734 2359 785 2440 (p.
800 2358 863 2421 705
880 2354 997 2439 Gron.)
1025 2355 1149 2442 legitur

282 2465 523 2532 ‘Caesareum
552 2465 740 2530 consulatus
769 2467 817 2530 sui
847 2466 1149 2553 fasoeslerigeret'.

289 2578 316 2642 si
351 2577 451 2663 igitur
481 2578 588 2641 fasces
617 2576 657 2640 de
688 2578 858 2643 consulatu
887 2601 1045 2664 usurpare
1075 2577 1151 2661 quis

287 2688 376 2770 velit,
406 2711 522 2753 versus
546 2690 703 2774 septimus
732 2713 796 2754 non
820 2690 861 2754 ad
885 2688 1109 2756 Theodosium
1131 2689 1151 2754 I

288 2800 491 2883 referendus,
514 2811 630 2886 quater
652 2809 779 2867 tanturn
795 2803 967 2867 consulatu
988 2801 1151 2883 functum,
1169 2848 1170 2851 ,

289 2910 347 2976 sed
372 2911 412 2975 ad
429 2911 650 2979 Theodosium
665 2914 709 2994 11,
733 2899 1057 2996 quintumdecimum
1073 2936 1151 2977 con-

291 3023 434 3089 sulatum
458 3046 542 3086 anno
566 3024 630 3087 435
654 3046 686 3108 p.
704 3021 741 3088 C.
758 3049 787 3089 n.
814 3027 990 3091 ineuntem.

357 3135 454 3198 Hanc
499 3133 731 3200 dubitationem
778 3137 980 3202 sustulerunt
1022 3137 1150 3202 Dicuili

291 3244 403 3327 verba,
426 3248 460 3310 in
482 3240 578 3311 initio
597 3248 702 3332 operis
720 3250 809 3331 (1,1)
833 3249 941 3334 posita
957 3246 1005 3312 ‘in
1021 3251 1151 3333 quinto-
