2430 3998
23 296 158 364 ‚lLeta
311 265 313 267 ι
860 312 894 364 ll

24 480 34 523 1
153 462 201 528 Jn
230 462 426 529 occidentali
453 464 505 529 vel
534 464 779 548 septentrionali
814 465 895 530 mari
921 483 972 551 7,ss

22 584 34 630 a
58 559 268 652 Hispaniae
297 567 420 633 insulas
449 567 520 633 fieri
544 583 611 632 'non
639 568 789 655 legimus.
837 567 895 632 oir-

21 687 33 732 t
61 687 162 734 eum
185 679 330 735 nostram
358 671 497 736 insulam
519 671 712 738 Hiberniam
738 680 818 737 sunt
846 672 896 735 in-

21 789 33 833 4
61 773 189 855 sulae,
214 773 271 838 sed
294 775 375 840 aliae
390 797 509 860 parvae
526 785 623 859 atque
638 776 720 840 aliae
735 775 896 840 minimae.

21 891 32 935 a
61 873 178 942 iuxta
189 877 327 943 insulam
334 878 527 943 Brittaniam
539 880 659 945 multae
671 879 753 945 aliae
759 901 896 965 magnae

21 996 33 1041 s
65 980 169 1045 aliae
192 1002 313 1066 parvae
336 981 481 1064 aliaeque
504 982 641 1065 mediae,
665 992 739 1049 sunt
759 982 841 1046 aliae
862 983 896 1048 in

22 1099 33 1144 t
67 1083 223 1149 australi
250 1085 331 1149 mari
358 1094 391 1151 et
419 1085 500 1150 aliae
527 1086 561 1150 in
591 1086 803 1168 occidentali,
837 1085 896 1151 sed

23 1200 35 1245 8
67 1187 192 1273 magis
215 1182 363 1273 in'parte
387 1189 477 1252 circii
501 1199 533 1253 et
555 1189 785 1275 septentrionis
808 1189 895 1254 illius

25 1304 37 1351 t
70 1288 288 1356 habundant.
317 1293 368 1356 'in
390 1291 471 1356 alias
494 1293 613 1376 quibus
636 1293 781 1378 ipsarum
805 1292 896 1355 habi-

21 1405 38 1450 t
73 1395 171 1476 tavi,
195 1395 274 1461 alias
298 1396 431 1477 intravi,
453 1395 533 1461 alias
556 1404 683 1459 tantum
705 1393 790 1476 vidi,
817 1395 897 1460 alias

21 1512 42 1557 u
76 1494 164 1583 legi.

21 1615 45 1661 12
155 1601 282 1666 Plinius
297 1599 471 1667 Secundus
493 1602 526 1665 in
543 1610 659 1684 quarto
681 1600 764 1665 libro
781 1600 899 1666 edocet
939 1619 955 1672 7

22 1716 48 1761 lt
84 1703 179 1787 quod
201 1704 346 1789 Pytheas
369 1705 570 1771 Masiliensis
601 1727 659 1769 sex
688 1704 813 1769 dierum
841 1728 899 1769 na·

24 1816 51 1861 14
85 1807 252 1894 vigatione
275 1809 309 1872 in
332 1810 588 1894 septentrionem
611 1808 806 1873 aBrittania
820 1807 899 1872 Thi-

26 1919 51 1966 15
85 1907 143 1975 len
166 1911 339 1978 distantem
363 1923 483 1978 narrat.

26 2023 50 2070 ¹⁶
156 2013 208 2079 De
243 2015 357 2082 eadem
392 2039 520 2102 semper
554 2014 683 2080 deserta
716 2017 749 2080 in
784 2015 898 2081 eodem

26 2123 50 2169 ¹⁷
88 2135 170 2186 Xlffl.
215 2119 299 2187 libro
328 2120 611 2208 ethimologiarum
634 2118 789 2186 «Isidorus
812 2120 897 2186 infit:

23 2223 49 2269 ¹⁸
88 2221 184 2287 Thile
217 2225 331 2289 ultima
363 2225 470 2290 insula
506 2224 624 2289 oceani
652 2224 737 2288 inter
767 2233 898 2308 septen-

22 2327 47 2372 ¹⁹
88 2327 260 2393 trionalem
296 2338 331 2392 et
369 2327 604 2394 ooaidentalem
641 2326 772 2413 plagam
814 2327 899 2391 ultra

129 2536 142 2582 5
162 2532 317 2596 Brittaniam]
328 2536 363 2580 sia
373 2534 400 2591 P,
419 2534 575 2581 brittanniam
588 2533 648 2590 DV,
668 2533 818 2589 Britanniam
832 2533 898 2578 Letr.

95 2605 108 2650 9
126 2604 280 2666 habundant]
297 2607 331 2652 sia
349 2605 380 2661 D,
400 2605 528 2651 abundant
545 2603 632 2664 raliqat
650 2605 659 2650 ll
676 2606 701 2650 in
720 2603 782 2650 alia
801 2601 900 2665 quibus]

93 2677 126 2721 εἰσ
143 2676 221 2734 codd,
241 2677 286 2722 sed
299 2677 322 2722 P
333 2675 435 2721 alteram
453 2677 479 2722 in
499 2675 567 2721 addit
585 2690 659 2734 supra
678 2676 747 2733 alias,
766 2675 790 2721 in
810 2675 899 2733 aliqui-

93 2747 137 2793 bus
155 2747 212 2792 editt
296 2748 325 2792 12
346 2744 443 2807 quarto]
462 2747 568 2792 seeundo
587 2747 654 2790 Letr.
742 2746 773 2790 lt
793 2745 900 2806 Pytheas

93 2819 151 2865 -15
169 2815 261 2878 narrat]
279 2817 342 2880 Plias,
354 2817 440 2876 2,187
526 2818 556 2862 13
576 2818 673 2874 pitheas
693 2815 748 2861 DV
781 2816 791 2860 ll
825 2815 900 2860 Masi·

93 2886 183 2950 liansis]
204 2890 239 2934 aia
258 2888 317 2946 DV,
355 2889 514 2935 massiliensis
536 2885 624 2947 reliqui
709 2887 740 2930 14
769 2883 900 2945 Brittania]

94 2959 168 3014 ataV,
205 2959 347 3005 brittaniam
370 2959 398 3017 P,
427 2959 586 3006 brittanniam
609 2959 642 3015 D,
671 2956 809 3004 Brittannia
831 2956 898 3002 Letr.

97 3031 127 3076 14
150 3029 178 3076 m
198 3030 294 3078 Thulen
312 3030 380 3076 Letr.
399 3044 450 3076 sam
469 3029 547 3075 Plinio
635 3030 665 3075 17
688 3028 752 3075 libro
771 3027 900 3075 ethimolo·

96 3098 196 3162 giorum]
213 3104 248 3148 aio
265 3101 321 3159 DV,
339 3100 403 3147 libro
422 3101 659 3162 aethymologiarurn
677 3100 704 3156 P,
729 3099 900 3160 Etymologia·

96 3184 145 3218 rum
157 3171 220 3219 libro
231 3173 297 3218 Latr.
350 3174 380 3218 18
400 3171 471 3218 Thilo
482 3196 499 3205 -
510 3188 534 3231 p.
545 3173 587 3229 42,
599 3172 613 3216 2
633 3169 702 3231 facit]
719 3170 781 3216 Jsid.
793 3169 835 3225 14,
848 3169 871 3214 6.
883 3167 898 3212 l

99 3243 127 3290 la
146 3243 224 3290 Thule
243 3244 319 3300 Letr,
344 3242 422 3302 Thyle
440 3242 503 3288 Jaid.
530 3274 534 3277 2
