2430 3998
16 270 41 336 9,
50 274 75 319 2.
87 274 102 320 3
112 272 178 320 Letr.
830 226 832 231 Α
843 271 876 324 79

36 452 46 494 1
140 425 186 491 Jn
210 447 291 494 x1111.
312 426 594 512 ethimologiarum
617 426 781 492 volumine
797 426 878 500 haec
901 447 957 517 92
1025 506 1028 512 ι

36 552 47 596 a
73 528 240 596 dicuntur:
268 531 377 596 Athos
400 553 493 595 mons
516 530 731 596 Macedoniae
755 531 877 616 etipse

34 653 46 697 a
72 633 166 698 altior
203 635 342 701 nubibus
379 644 534 718 tantoque
573 634 736 715 sublimis,
774 643 811 699 ut
843 634 876 697 in

34 756 47 799 4
72 736 233 803 Lemnum
267 739 405 804 insulam
440 738 560 802 umbra
588 739 658 803 eius
692 735 875 823 pertendat,

33 865 46 909 a
72 863 155 925 quae
178 842 218 908 ab
242 866 281 908 eo
299 863 413 911 hxxvil
432 841 562 907 milibus
586 851 765 927 separatur.

32 968 46 1011 a
139 946 248 1012 Julius
271 945 404 1013 Solinus
432 947 466 1010 in
490 944 697 1011 collectaneis
724 946 806 1010 haec
835 944 875 1009 de

31 1070 44 1113 a
70 1059 180 1114 monte
213 1051 372 1117 Athlante
410 1049 537 1115 docuit:
574 1049 693 1114 Athlas
728 1073 822 1115 mons
857 1072 875 1113 e

29 1172 44 1216 8
70 1154 177 1218 media
214 1155 405 1224 harenarum
445 1155 614 1238 consurgit
650 1154 800 1235 vastitate
843 1163 876 1218 et

29 1273 43 1319 9
70 1257 208 1323 eductus
242 1261 275 1323 in
303 1259 454 1323 viciniam
488 1259 611 1323 lunaris
646 1257 769 1322 circuli
789 1257 875 1322 ultra

11 1383 42 1429 ro
69 1362 179 1426 nubila
203 1372 301 1449 caput
324 1360 449 1426 condit:
479 1384 543 1446 qua
572 1361 615 1426 ad
638 1383 796 1426 oceanum
820 1384 875 1425 ex-

11 1495 39 1540 11
68 1465 223 1547 tenditur,
246 1468 298 1532 cui
321 1490 341 1530 a
363 1489 398 1531 se
420 1488 539 1530 nomen
554 1465 657 1547 dedit,
679 1473 789 1529 manat
803 1465 874 1529 fon·

11 1598 40 1644 12
66 1569 166 1651 tibae,
189 1571 376 1635 nemoribus
397 1570 604 1650 inhorrescit,
627 1569 764 1656 rupibus
780 1591 874 1654 aspe-

11 1701 40 1746 ra
67 1684 168 1757 ratur,
196 1674 323 1758 squalet
350 1675 458 1739 ieiuna
487 1674 585 1739 humo
608 1673 696 1738 nuda
717 1694 778 1738 nec
801 1673 874 1737 her·

11 1802 41 1847 14
66 1778 158 1843 bida:
183 1801 246 1863 qua
268 1788 380 1844 contra
401 1778 550 1843 Africam
572 1800 687 1842 versus
711 1785 771 1858 est,
794 1776 872 1840 felix

11 1904 40 1949 ιε»
66 1882 407 1968 nascentibussponte
421 1882 583 1968 frugibus,
606 1880 776 1946 arboribus
797 1904 873 1967 pro-

11 2008 40 2053 ιδ
67 1986 150 2051 ceris
189 1989 420 2072 opacissimus,
458 2009 593 2070 quarum
633 1985 714 2049 odor
751 1987 871 2072 gravis,

11 2114 40 2160 ιγ
66 2111 179 2155 comae
202 2092 347 2175 cupressi
370 2091 491 2157 similes
513 2089 697 2154 vestiuntur
718 2090 872 2176 lanugine

11 2222 40 2265 ιε
66 2193 181 2258 sericis
204 2194 379 2260 velleribus
403 2194 482 2258 nihil
505 2193 628 2256 viliore.
666 2195 700 2255 in
716 2215 755 2256 eo
771 2192 871 2258 latere

11 2327 40 2372 ις
66 2307 100 2361 et
121 2297 221 2362 herba
244 2297 398 2362 euforbea
422 2297 566 2382 copiosa,
594 2295 685 2359 cuius
709 2317 807 2360 sucus
830 2295 872 2359 ad

106 2514 117 2557 1
144 2511 366 2576 ethimologiarum]
383 2513 458 2573 eicV,
486 2512 713 2573 aethimologiarum
731 2512 790 2570 ΒΡ,
818 2518 871 2574 ety-

66 2582 227 2642 mologiarum
246 2585 315 2632 Letr.
386 2586 400 2631 2
423 2585 554 2632 Athos-5
573 2581 708 2646 separetur]
724 2583 788 2634 ,leid
807 2586 869 2644 orie.
899 2598 901 2602 ’

14 2717 16 2720 Ι
66 2653 189 2710 14,8.10
269 2653 413 2718 aselinus]
430 2655 464 2716 cs.
484 2655 694 2712 Selmena-10
730 2654 740 2700 ΙΙ
775 2655 800 2700 in
819 2656 870 2700 eol·

65 2723 182 2772 lectaneie
201 2738 246 2771 om.
265 2724 322 2771 DV
400 2729 414 2772 7
439 2726 540 2773 Atlante
558 2732 581 2770 et
598 2726 669 2773 Atlas
687 2727 754 2771 Letr.
782 2724 791 2768 ΙΙ
812 2730 870 2782 poet

65 2793 182 2842 Athlante
200 2795 225 2840 D
243 2798 330 2853 repetit
347 2796 408 2842 haec
489 2798 503 2841 8
522 2793 613 2854 media]
629 2797 664 2840 eie
683 2795 737 2839 dedi
755 2808 806 2838 cam
825 2794 870 2838 So-

65 2864 123 2925 leae,
156 2867 236 2912 medio
256 2865 324 2910 codd.
362 2864 371 2910 ΙΙ
404 2879 530 2912 arenarum
549 2863 606 2908 editi
696 2865 709 2909 9
737 2863 829 2909 uicinia
853 2861 874 2908 V

67 2937 98 2983 10
128 2935 189 2996 qua]
216 2937 252 2981 sic
278 2936 346 2980 Letr.
374 2949 425 2981 cura
451 2935 549 2993 Selino,
599 2947 661 2992 quae
679 2934 736 2991 DP,
781 2947 827 2992 que
850 2933 871 2980 V

66 3008 97 3053 13
117 3004 208 3067 ieiuna]
225 3005 315 3052 ieiunio
334 3004 411 3052 Solia.
504 3007 536 3053 14
559 3004 667 3052 Africam
686 3011 770 3053 contra
788 3003 866 3051 Solia.

66 3079 97 3123 18
126 3075 204 3138 nihil]
225 3077 261 3121 aio
278 3076 335 3134 ΒΡ,
372 3075 448 3123 nichil
471 3077 497 3135 V,
533 3075 610 3124 nihilo
634 3077 692 3123 editi
714 3075 868 3123 arundellae

64 3145 74 3191 ΙΙ
88 3144 190 3207 viliore]
210 3146 302 3193 uiolare
326 3146 407 3195 DPV
496 3148 526 3194 19
555 3147 593 3210 et]
609 3150 644 3194 air
662 3149 686 3194 D
705 3161 757 3193 ema
774 3147 866 3204 Selino,

65 3222 102 3263 est
118 3215 206 3275 reliqui
223 3216 234 3261 ΙΙ
250 3217 386 3276 euphorbia
403 3218 478 3275 Letr„
503 3219 642 3279 euphorbea
659 3216 737 3264 Selia.
756 3217 765 3263 ΙΙ
781 3231 869 3265 succus

63 3287 122 3334 editi
152 3312 155 3314 >
