2430 3998
47 318 79 384 6,
91 323 117 366 1.
129 321 143 367 1
155 320 221 367 Letr.
891 322 926 376 23

73 497 88 541 1
116 474 283 559 principe,
312 474 480 540 minimum
503 497 524 543 v
549 475 720 541 Farsalico
743 475 846 557 bello,
871 501 928 543 ve-

73 602 90 647 1
117 579 177 642 luti
201 600 315 643 necem
331 577 447 664 Magni
470 579 621 666 prodigio
637 578 779 662 quodam
795 579 927 646 flumine

74 706 89 751 a
118 690 314 767 aversante„
336 705 409 747 cum
433 691 552 748 stetere
576 706 690 767 aquae,
715 685 835 768 apertis
858 709 928 749 mo-

72 813 90 857 4
118 785 204 850 libus
227 785 459 850 admittuntur:
488 794 525 850 ut
548 807 696 870 quaeque
719 786 855 852 liberata
880 796 929 853 est

75 913 90 960 t
119 895 205 952 terra
235 890 362 953 seritur.
419 889 507 953 idem
535 890 639 954 amnis
669 913 753 955 unus
784 893 928 956 omnium

75 1022 91 1066 6
119 990 224 1055 nullas
241 993 375 1077 expirat
397 1015 503 1057 auras.

76 1124 91 1168 7
184 1092 294 1158 Julius
310 1092 442 1160 Solinus
464 1098 499 1160 in
523 1095 729 1161 collectaneis
754 1095 794 1160 de
811 1096 928 1161 eodem
953 1109 1005 1179 16

75 1229 91 1273 3
118 1197 198 1262 Nilo
230 1199 372 1265 nuntiate
408 1202 581 1285 Aegyptus
610 1199 652 1289 ad
684 1198 851 1263 meridiem
879 1200 929 1263 in-

75 1331 90 1375 9
116 1310 243 1367 trorsus
267 1301 390 1367 recedit
413 1302 530 1385 quoad
544 1301 770 1387 praehendunt
791 1302 929 1366 Aethio-

59 1432 90 1476 10
117 1428 177 1491 pes
202 1431 221 1470 a
243 1415 349 1492 tergo.
385 1407 572 1471 interiorem
597 1406 666 1469 eius
687 1413 813 1490 partem
830 1405 928 1470 Nilus

59 1538 90 1583 11
119 1509 328 1591 circumfluit,
363 1510 419 1593 qui
447 1509 570 1575 scissus
599 1531 620 1571 a
647 1508 721 1573 loco
739 1509 806 1572 oui
828 1509 929 1573 Delta

60 1640 91 1685 12
116 1635 237 1676 nomen
270 1621 324 1677 est
347 1613 390 1676 ad
417 1613 542 1677 insulae
570 1611 687 1677 faciem
704 1666 706 1668 .
721 1612 828 1697 spatia
861 1636 929 1676 am·

60 1746 91 1790 13
116 1716 286 1801 plectitur.
303 1717 485 1783 interamna
512 1730 545 1779 et
573 1706 697 1780 incerto
726 1738 809 1800 pene
839 1717 928 1781 fonte

60 1847 93 1891 14
118 1820 295 1889 decurrens
311 1819 473 1904 proditur,
496 1819 729 1902 alloquemur.
771 1820 936 1905 originem·
971 1827 987 1879 1

59 1946 91 1992 11
117 1922 217 1987 habet
240 1931 391 1987 amente
422 1923 585 1988 inferioris
608 1922 842 2003 Mauritaniae,
873 1923 930 2006 qui

59 2049 92 2093 11
117 2047 242 2089 oceano
264 2026 470 2110 propinquat.
523 2028 587 2092 boc
616 2026 791 2091 adfirmant
819 2026 930 2111 punici

60 2149 93 2194 11
117 2127 208 2208 libri,
238 2129 302 2193 hoc
329 2130 450 2195 Jubam
479 2153 591 2216 regem
619 2132 798 2215 accipimus
828 2129 930 2193 tradi-

62 2231 216 2296 redisse.
262 2232 362 2318 igitur
385 2234 531 2317 protinus
554 2234 663 2297 lacum
686 2234 803 2319 efficit,
834 2253 930 2314 quem

65 2353 95 2398 11
117 2335 266 2399 Nilidem
297 2335 418 2401 dicunt.
471 2335 585 2400 Nilum
618 2344 725 2400 autem
760 2336 826 2398 iam
853 2332 930 2399 inde

65 2454 96 2503 ao
119 2461 189 2504 esse
214 2439 395 2516 coniciunt,
425 2439 514 2522 quod
535 2439 601 2504 hoc
624 2447 777 2524 stagnum
799 2437 930 2517 herbas,

156 2672 168 2714 l
189 2670 330 2717 Pharsalico
349 2671 416 2716 Letr.
485 2673 498 2717 1
518 2670 612 2733 Magni]
629 2674 664 2717 sic
682 2671 750 2717 Lete.
770 2685 821 2716 cum
839 2669 928 2727 Plinio,

120 2754 208 2800 magno
227 2739 315 2800 reliqui
388 2744 402 2789 8
423 2743 439 2787 4
458 2741 576 2803 molibus]
592 2745 626 2787 sic
645 2755 709 2786 corr.
729 2742 837 2796 PLetr.,
857 2741 930 2786 mori-

120 2809 165 2856 bus
184 2812 208 2856 D
221 2811 246 2868 V,
266 2811 391 2857 montibus
407 2811 499 2857 Walclr.
554 2812 735 2859 ‘imittuntur
751 2811 773 2855 V
825 2813 929 2855 taurea

120 2879 195 2940 (corr.
216 2881 299 2942 auras)
317 2882 339 2926 P
382 2882 644 2942 8Aegyptus-p.2b‚
659 2881 689 2926 15
709 2879 781 2943 mari]
797 2878 831 2939 cf.
851 2878 929 2925 Solia.

122 2950 162 3009 32,
177 2952 230 2997 1-8
316 2954 330 2998 9
360 2955 442 3010 quoad
460 2949 639 3013 praetendunt]
661 2953 697 2996 ric
714 2952 746 3007 D,
775 2964 823 3008 quc
843 2963 930 3009 appre-

121 3021 295 3081 bendnntPl7,
317 3023 397 3080 quoad
409 3019 803 3082 111111111111111.111111δοὶ1111
843 3023 874 3068 10
894 3021 941 3065 ins

122 3093 232 3140 seriorem
250 3091 314 3138 Pliu.
327 3093 351 3150 5,
363 3090 397 3138 48
416 3100 439 3138 et
457 3093 549 3147 Solio,
615 3094 646 3139 15
666 3092 834 3139 Mauretaniae
852 3089 930 3136 Solio.

56 3189 59 3198 »
124 3164 153 3207 16
173 3162 313 3226 adfirmant]
330 3164 415 3226 eth,
447 3164 568 3210 affirmant
585 3162 673 3222 reliqui
752 3151 950 3227 1911111111

123 3233 153 3278 20
175 3232 311 3296 coniciunt]
318 3237 352 3279 aio
362 3233 417 3290 PV,
432 3235 566 3280 coniiciunt
577 3233 664 3292 reliqui
702 3232 849 3290 to-p.24,1
865 3223 932 3296 stag
946 3239 963 3287 ῥ’

122 3316 178 3350 num
196 3304 279 3349 herbis
298 3306 408 3363 piscibus
426 3305 507 3351 belvis
525 3305 587 3351 nihil
606 3305 686 3348 minus
705 3306 816 3360 procreet
834 3299 919 3347 Solia:
948 3317 950 3319 ¹
991 3314 994 3348 1
