2430 3998
320 345 354 400 36
1027 345 1052 409 6,
1063 347 1086 393 8.
1098 349 1111 392 9
1121 345 1171 392 Leti

316 519 405 569 cccc
446 523 603 585 passuum
641 522 707 564 non
747 500 945 564 misceantur
986 498 1126 583 aequori,
1169 523 1171 528 ¹

320 604 516 688 dulcemque
551 614 682 668 austum
721 596 949 686 inconsumpto
984 602 1127 669 detinent
1169 635 1171 645 <

226 800 228 803 v
266 772 268 775 ,
319 718 446 794 sapore.
492 706 664 794 longitudo
686 707 790 791 ipsius
815 725 1017 774 cccccxxm.

220 803 294 882 ’6,37
327 822 329 825 ’
388 811 483 876 Haec
513 810 553 874 de
577 809 794 895 praetitulatis
825 809 968 893 quinque
990 810 1127 876 flumini·
1169 857 1171 863 ι

235 1341 271 1396 38

316 913 383 978 bus
398 914 630 1001 ‘congregatim
652 914 777 998 scripta
799 923 884 978 sunt.
936 913 1067 978 brevius
1090 914 1150 988 de⁴

318 1018 531 1100 sequentibus
543 1024 544 1027 ’
554 1017 660 1083 fluviis
682 1042 722 1083 ex
738 1015 988 1103 cosmographia
1002 1026 1127 1082 tantum

316 1120 487 1205 praedicte
515 1143 620 1206 nuper
652 1122 686 1185 in
715 1143 803 1186 meas
833 1143 948 1186 manus
978 1122 1126 1186 veniente

317 1235 520 1309 excerpetur.
990 1212 995 1218 ’

381 1329 520 1394 Fluvius
548 1322 705 1393 Joidenis
734 1329 880 1393 nascitur
907 1327 968 1392 sub
1000 1328 1125 1393 Libano

315 1443 444 1513 monte,
479 1433 675 1496 circumiens
711 1454 785 1496 eum
819 1430 926 1516 vergit
955 1431 989 1494 in
1020 1432 1162 1498 lacumu

313 1533 539 1615 Tiberinum,
578 1533 618 1599 de
654 1558 692 1599 eo
726 1535 838 1598 exiens
872 1533 914 1598 ad
949 1531 1162 1619 Oitopolimt

287 1709 291 1720 Ι
313 1658 412 1721 quam
437 1659 551 1702 secans
574 1637 714 1701 mediam
738 1645 770 1702 et
785 1636 826 1701 ab
843 1660 881 1701 ea
896 1637 1007 1702 exiens
1024 1637 1124 1703 effun-
1147 1657 1171 1701 ι’

313 1739 403 1804 ditur
426 1741 459 1805 in
489 1763 576 1806 mere
599 1741 780 1806 Mortuum.
827 1740 928 1806 currit
957 1764 1015 1827 per
1037 1742 1162 1808 miliat

312 1862 460 1912 DOCXXII.
1148 1871 1163 1914 t

380 1946 525 2012 Hermus
548 1949 694 2013 nascitur
716 1948 751 2013 in
774 1950 897 2033 campis
921 1947 1033 2016 Asiae.
1074 1951 1123 2013 in·
1148 1972 1163 2015 t

311 2047 383 2114 fluit
405 2050 440 2115 in
463 2073 551 2115 mare
575 2048 794 2117 Cioladerum.
830 2052 932 2117 currit
954 2075 1014 2138 per
1035 2053 1123 2117 milis
1147 2077 1164 2121 ι

313 2173 444 2221 ncvmn
483 2163 485 2165 ’
782 2200 784 2204 ⁴
1058 2168 1060 2171 ’
1147 2180 1164 2223 1

338 2276 340 2279 ’
378 2257 560 2324 Meandros
588 2259 735 2324 nascitur
762 2260 796 2323 in
820 2259 942 2343 campis
966 2260 1121 2325 Asiaticis
1147 2284 1166 2328 t

310 2360 490 2444 bicornius,
520 2362 621 2427 currit
644 2364 737 2446 qussi
761 2364 834 2428 sinu
857 2361 998 2429 reddens
1022 2364 1122 2430 seed
1147 2389 1165 2434 t

349 2530 362 2573 1
388 2541 455 2596 coco
474 2529 526 2576 mil.
546 2529 604 2575 editi
677 2531 691 2578 2
717 2531 879 2591 dulcemquce
897 2533 925 2589 P,
955 2534 1041 2579 ducein
1061 2548 1122 2592 quae

309 2597 369 2659 (que
392 2598 427 2660 V)
447 2600 503 2645 DV
530 2601 539 2645 u
570 2603 684 2647 haustum
703 2602 761 2647 editt
797 2603 807 2648 11
843 2602 1025 2667 inconsumpto]
1042 2605 1122 2650 incor-

310 2673 383 2728 rupto
402 2668 479 2715 Solio.
508 2670 518 2715 ΙΙ
544 2672 668 2717 detineant
691 2673 749 2718 editi
772 2687 823 2718 oum
850 2672 934 2719 Selino
1026 2679 1040 2721 3
1064 2675 1122 2734 poet

309 2751 465 2787 nccccxxm
483 2741 541 2788 editi
553 2741 609 2787 add.
623 2756 655 2787 m.
670 2756 693 2801 p.
777 2745 866 2805 9-39,
881 2747 895 2790 8
915 2758 975 2804 quae
992 2752 1122 2805 sequentum·

308 2811 410 2856 sedecim
427 2811 531 2871 flumina
549 2815 643 2871 partim
667 2813 732 2873 apud
748 2812 840 2860 Julium
858 2815 1003 2872 Honortum,
1030 2819 1122 2874 partim

309 2881 375 2940 apud
393 2882 523 2942 Actticsun,
543 2883 585 2929 sed
602 2884 696 2940 diverso
715 2885 800 2931 ordine
820 2884 934 2946 loquutur
950 2900 974 2943 p.
986 2887 1121 2938 692-698

308 2956 333 2995 ct
348 2965 374 3008 p.
387 2951 520 2999 714-720
540 2953 576 2998 ed.
595 2955 623 2998 A.
639 2954 743 3001 Gronov.
758 2955 837 3002 1722.
942 2957 955 3002 9
984 2956 1123 3005 Jordunnes

308 3020 403 3067 Honor.
481 3023 512 3069 10
541 3024 621 3083 pergit
639 3023 706 3071 Letr.
727 3040 778 3071 eum
797 3028 907 3073 Honorio
990 3030 1021 3073 11
1051 3030 1122 3088 tybe-

309 3092 441 3139 riademV
465 3093 475 3140 ΙΙ
501 3092 639 3152 Soitopolin
658 3095 760 3155 Hauon,
791 3095 963 3157 scythopolim
980 3100 1050 3144 Letr.
1070 3115 1123 3145 cum

308 3161 407 3211 Aettico
491 3163 920 3227 14n00m1]ncoxxx11uoeor.
1008 3171 1038 3217 15
1059 3170 1123 3217 Her-

308 3231 373 3295 mus]
385 3233 522 3282 Hermunas
536 3234 604 3283 Aett.
644 3238 676 3282 16
690 3235 853 3298 Cycladumm
867 3239 924 3285 editi
967 3241 998 3286 17
1020 3253 1086 3286 nont
1104 3242 1127 3286 V

311 3304 342 3348 18
356 3303 502 3353 Maeandros
514 3307 581 3351 Letr.
620 3307 651 3352 19
666 3308 797 3355 bicomuus
812 3308 912 3375 Waluk„
932 3311 1039 3359 bicomis
1051 3313 1121 3359 Letr.

307 3370 318 3417 ΙΙ
331 3376 400 3430 qussi
419 3377 473 3422 sinu
490 3377 594 3423 reddens
612 3391 638 3423 se
662 3380 694 3425 ad
712 3378 804 3442 unum]
821 3382 889 3438 quusi
909 3383 958 3428 sint
976 3383 1033 3440 duo,
1056 3384 1122 3430 redi-

307 3449 394 3502 gentes
412 3458 437 3492 se
455 3448 481 3493 in
499 3462 575 3494 unum
593 3447 660 3493 Letr.
681 3463 732 3495 cum
750 3450 858 3497 Aetlu‘co.
