2430 3998
18 95 33 160 ',
47 101 65 146 5
80 103 157 153 Latr.
614 80 620 105 r
859 107 893 159 47

26 276 40 320 1
74 261 243 329 nominat.
281 261 472 347 Xenophon
486 260 733 329 Lamsachenus
756 284 775 325 a
795 261 891 326 litore
918 279 987 348 mo
1075 332 1085 355 θ

25 381 41 426 a
73 361 274 432 Scitharum
296 366 397 431 tridui
426 366 634 452 navigatione
656 365 797 431 insulam
821 387 893 430 esse

25 483 40 528 s
71 467 264 542 immensae
279 468 512 555 magnitudinis
524 468 669 533 Balciam
684 468 793 533 tradit.
819 492 892 534 ean-

24 584 40 630 4
74 570 162 637 dem
178 573 321 658 Pytheas
338 573 494 638 Basiliam
517 572 671 638 nominat.
706 595 772 638 non
794 572 892 659 longe
933 579 966 635 21

25 685 39 731 t
72 672 237 744 feruntur
259 684 292 740 et
306 674 482 742 Oeocenae
495 676 640 756 insulae,
662 697 799 758 quarum
821 677 891 742 ovis

27 791 40 836 6
75 781 196 844 avium
218 780 414 845 marinarum
444 790 477 844 et
499 780 610 845 avenis
633 779 732 874 vulgo
755 802 892 846 nascen-

28 892 42 936 7
73 883 173 948 tibus
196 884 322 948 incolae
338 885 461 948 vivunt.
501 884 593 964 aliae,
617 883 784 966 inquibus
801 886 891 968 equi-

28 991 44 1036 8
76 987 135 1050 nis
159 986 298 1071 pedibus
312 988 459 1053 homines
480 996 658 1052 nascuntur
671 985 890 1072 Hippopodes

30 1097 45 1141 9
76 1090 259 1175 appellati·
304 1091 386 1156 aliae
418 1091 453 1154 in
487 1089 605 1174 quibus
634 1088 724 1153 nuda
751 1112 890 1175 corpora

18 1199 47 1247 111
78 1193 302 1280 praegrandes
318 1196 463 1280 ipsorum
479 1215 574 1262 aures
592 1199 662 1256 tota
677 1202 865 1281 contegunt.

18 1301 48 1348 11
150 1296 249 1362 Jdem
269 1299 396 1364 Plinius
413 1296 587 1365 Secundus
611 1296 651 1361 de
673 1297 788 1364 insulis
805 1297 888 1365 Ger·
929 1312 964 1366 22

18 1401 50 1449 12
77 1402 223 1465 maniae:
246 1401 361 1487 incipit
384 1401 500 1466 deinde
517 1402 654 1467 clariore
669 1401 788 1487 aperiri
801 1403 888 1470 fama

18 1506 51 1554 13
79 1503 122 1568 ab
155 1513 252 1590 gente
281 1506 493 1593 Jngueonum
527 1529 610 1589 quae
639 1513 689 1570 est
723 1506 825 1590 prima
852 1507 887 1570 in

18 1609 52 1660 14
79 1604 269 1677 Germania.
315 1632 409 1675 mons
432 1607 537 1676 Saevo
565 1609 611 1673 ibi
636 1610 803 1674 inmensus
825 1631 887 1675 nec

18 1710 50 1759 15
76 1705 217 1796 Ripheis
238 1714 325 1800 iugis
340 1713 455 1795 minor,
478 1712 606 1778 inmane
622 1712 664 1778 ad
680 1710 886 1780 Cimbrorum
931 1740 933 1746 ‘¹

18 1814 48 1864 16
76 1834 183 1898 usque
205 1817 462 1902 promuntorium
485 1816 586 1881 efficit
613 1817 720 1883 sinum
744 1818 799 1901 qui
822 1814 887 1881 Oo-

18 1919 46 1966 ·⁷
75 1916 183 1983 danus
205 1929 341 1986 vocatur
363 1921 501 1987 refertus
517 1921 643 2002 insulis,
666 1942 804 2004 quarum
820 1919 886 1984 cla·

18 2024 44 2070 11
74 2021 207 2088 rissima
229 2032 279 2089 est
293 2023 512 2092 Soandinavia
526 2026 746 2108 incompertae
761 2023 887 2108 magni-

114 2265 128 2308 l
148 2263 297 2327 Xenophon]
307 2267 373 2325 opud
382 2267 447 2313 Plia.
461 2266 486 2324 l,
501 2265 534 2311 95
552 2265 562 2310 ll
579 2262 769 2330 Lamsachenus]
779 2267 814 2310 sio
826 2264 883 2323 ΠΡ,

70 2330 247 2384 lamsachatins
266 2337 290 2395 V,
308 2337 489 2397 Lampsacenus
507 2338 573 2384 Latr.
630 2338 644 2383 2
664 2335 808 2396 Scytharum
826 2336 884 2382 editi

64 2406 91 2461 ¹*3
112 2405 221 2453 Baitiam
239 2408 306 2455 Lotr.
326 2422 377 2453 omn
395 2407 475 2455 Plinio
556 2411 571 2453 4
590 2405 708 2470 Pytheas]
724 2410 759 2453 sic
776 2408 800 2453 P
815 2407 881 2466 editi,

71 2477 198 2536 phytheas
215 2478 248 2536 D,
273 2480 368 2538 phitaas
385 2480 407 2525 V
422 2479 432 2524 ll
448 2479 576 2526 basilicam
596 2478 673 2539 (corr.
691 2475 830 2537 balisicam)
849 2477 880 2533 D,

72 2545 229 2595 balistamV
310 2551 324 2596 5
345 2549 482 2611 Ooocenae]
498 2549 584 2596 Oonae
602 2549 667 2597 Plias.
752 2549 768 2593 6
791 2545 884 2607 avium]

73 2619 160 2669 ouium
184 2619 265 2681 (corr.
284 2623 375 2667 auium·
385 2621 423 2683 P)
448 2622 501 2687 QP
523 2651 525 2653 -
607 2621 622 2666 8
650 2618 811 2680 hyppopodes
828 2614 886 2663 DV

78 2688 111 2733 12
138 2691 331 2750 incipit-lus
351 2690 460 2754 tradunt]
477 2690 541 2738 Plio.
556 2692 580 2749 4,
595 2690 629 2736 96
738 2691 769 2736 12
794 2687 882 2735 clarior

74 2758 134 2805 odiu
151 2774 203 2806 uam
220 2761 300 2808 Plinio
392 2767 423 2812 13
451 2763 621 2824 lngasvonum
644 2763 712 2809 Letr.
731 2775 782 2807 cum
800 2757 880 2805 Plinio

79 2829 110 2874 14
129 2844 187 2877 sevo
205 2833 262 2879 DV
281 2847 333 2879 cum
350 2833 431 2880 Plinio
457 2834 468 2879 ll
494 2836 625 2882 immensus
650 2835 708 2880 editi
732 2831 744 2878 ΙΙ
768 2827 823 2894 nec]
846 2832 882 2875 sio

74 2898 352 2950 oeconomiam
361 2904 450 2967 Plinio,
477 2904 733 2964 nsDVetpr.m.P
779 2901 817 2948 ,15
838 2901 880 2946 Βίῳ

76 2970 155 3034 plicis]
172 2975 207 3019 sic
225 2989 289 3020 corr.
308 2976 337 3032 P,
368 2976 470 3035 tripheis
487 2975 543 3022 DV
558 2982 581 3022 et
595 2991 636 3035 pr.
655 2989 686 3019 m.
703 2974 733 3029 P,
759 2955 880 3030 Riphaeis

78 3041 140 3097 editi,
159 3043 258 3102 Ripaeis
275 3044 340 3091 Plio.
359 3045 369 3090 ΙΙ
386 3047 515 3093 immanem
534 3046 655 3092 editiotem
666 3043 751 3090 Plinio
797 3043 828 3086 16
847 3041 880 3086 si·

77 3110 144 3175 unm]
160 3129 235 3160 unum
252 3116 308 3162 DV
377 3119 408 3163 18
426 3118 569 3164 scadinavia
586 3116 655 3162 codd.
