2430 3998
331 338 364 394 18
1071 323 1177 390 quat

254 510 305 581 5‚1
398 493 499 560 Jdem
516 489 608 554 >dicit
635 488 669 552 in
698 485 812 550 tertio:
846 505 924 569 pars
953 489 1142 545 nostrarum

331 608 491 665 terrarum
515 593 556 658 de
578 614 644 676 qua
665 609 899 667 commemoro,
928 583 1085 648 ambienti
1106 592 1143 646 ut

333 701 529 767 dictumest
560 716 683 761 oceano
709 690 799 756 velut
821 691 990 770 innatans,
1018 687 1143 772 longis-

334 805 415 870 sime
444 800 485 867 ab
515 808 590 864 ortu
618 797 659 861 ad
687 817 841 860 occasum
867 802 976 880 patet,
1006 792 1073 856 hoc
1095 798 1144 855 est

335 906 377 974 ab
409 904 513 971 Jndia
542 901 583 966 ad
612 899 768 965 Herculis
798 898 966 962 columnas
993 895 1142 962 Gadibus

337 1018 493 1088 sacratas,
517 1014 648 1070 centum
671 1004 737 1067 mil.
759 1002 911 1088 sexagies
928 1010 962 1065 et
981 1001 1090 1064 sexies
1113 1008 1144 1062 et

337 1133 440 1183 xxxta
474 1108 664 1194 simpliciter
692 1107 827 1192 triginta
859 1105 949 1168 milia
977 1125 1144 1188 passuum,

339 1228 376 1282 ut
398 1211 608 1281 Artemidoro
633 1209 759 1275 auctori
781 1209 899 1294 placet.

407 1318 430 1384 J
434 1318 507 1383 dem
529 1324 605 1402 post
627 1333 732 1400 pauca
754 1312 848 1376 dioit:
876 1309 1016 1374 latitudo
1039 1322 1145 1375 autem

340 1433 447 1488 terrae
477 1446 496 1485 a
524 1408 703 1484 meridiano
739 1416 803 1481 situ
839 1415 880 1479 ad
910 1414 1177 1499 septentrionesl

342 1523 476 1589 dimidio
514 1522 614 1587 ferme
662 1521 790 1584 minor¹
822 1519 986 1604 colligitur
1035 1517 1177 1603 trigies!

342 1636 440 1711 atque
468 1635 518 1690 ter
548 1634 580 1689 et
608 1644 713 1691 xnvnr
738 1622 929 1708 simpliciter
958 1621 1047 1686 milia
1070 1632 1177 1710 pas-1

343 1753 449 1796 suum.
502 1750 567 1811 quo
596 1727 706 1813 palam
739 1727 795 1806 fit,
829 1734 986 1809 quantum
1014 1734 1047 1790 et
1074 1725 1177 1789 hinc]

343 1854 446 1917 vapor
461 1879 462 1883 ,
480 1831 652 1896 abstulerit
686 1840 719 1895 et
751 1829 841 1893 illinc
874 1829 992 1913 liquor.
1045 1839 1177 1912 neque]

344 1934 432 2000 enim
466 1933 581 1999 deesse
609 1935 704 2000 terris
733 1931 874 1996 arbitror
902 1941 1052 1997 autnon
1080 1953 1150 1996 esse
1174 1943 1177 1983 1

346 2037 438 2125 globi
467 2038 620 2119 formam,
651 2034 709 2101 sed
738 2035 963 2102 inhabitabilia
989 2035 1152 2118 utrimque
1175 2051 1177 2089 ῑ

346 2142 553 2226 incomperta
575 2161 656 2206 esse.
1176 2156 1177 2159 ¹

415 2242 453 2311 Si
479 2265 686 2309 numeremus
713 2242 950 2328 praescriptam
979 2240 1155 2329 longitudi-

387 2399 399 2444 1
419 2396 537 2443 tuem-8
557 2394 649 2456 placet]
665 2394 730 2441 Plio.
744 2396 769 2451 2,
784 2395 837 2441 242
910 2398 923 2440 1
949 2392 1034 2456 tertio]
1052 2394 1157 2441 secundo

349 2467 417 2514 Letr.
453 2465 464 2511 tl
507 2463 653 2525 nostrarum]
672 2470 756 2511 nostra
778 2464 843 2511 Plio.
944 2467 959 2511 2
989 2460 1160 2524 commemoro]

349 2549 457 2582 memoro
480 2534 545 2580 Plio.
667 2536 681 2580 6
710 2537 809 2581 sacratis
833 2535 901 2581 codd.
1023 2538 1037 2581 7
1066 2534 1160 2594 simpli-

350 2607 412 2651 citer
429 2605 532 2662 triginta
551 2619 595 2650 om.
614 2604 679 2651 Plio.
753 2608 768 2651 8
793 2611 844 2652 arte
865 2608 935 2656 idoro
959 2607 981 2653 V
1050 2607 1064 2651 9
1088 2606 1159 2651 Jdcm

351 2674 412 2719 -17
434 2673 496 2735 esse]
512 2673 578 2721 Plin.
592 2674 616 2734 2,
632 2674 683 2720 245
753 2677 783 2721 10
804 2691 818 2722 a
837 2692 882 2723 cm.
902 2678 971 2725 codd.
990 2678 1000 2723 ll
1017 2676 1161 2734 septentrio·

350 2757 408 2791 nem
427 2744 485 2790 editi
576 2747 606 2790 11
635 2745 728 2808 minor]
750 2761 795 2793 om.
820 2748 898 2805 codd„
923 2748 1006 2794 addidi
1030 2761 1058 2792 eo
1081 2744 1161 2792 Plinio

350 2813 362 2860 ΙΙ
371 2813 505 2877 colligitur]
524 2815 619 2876 colligit
632 2831 686 2863 cum
705 2817 774 2864 codd.
831 2819 862 2864 12
881 2819 1026 2878 simpliciter
1038 2831 1084 2861 om.
1097 2815 1160 2862 Plio.

355 2885 388 2931 14
406 2885 498 2948 liquor]
517 2888 583 2948 rigor
604 2887 669 2934 Plio.
744 2889 776 2934 16
799 2888 931 2950 utrimque]
948 2892 983 2935 ric
1000 2889 1032 2944 D,
1070 2893 1163 2934 utrum·

353 2967 402 3011 que
420 2956 547 3003 PVLetr.
641 2959 672 3003 18
701 2957 727 3004 Si
746 2972 953 3019 numeremus-p·
967 2960 1010 3017 19,
1031 2959 1047 3003 8
1067 2952 1165 3016 caloris]

354 3023 448 3070 Dicuili
470 3027 496 3072 in
514 3028 622 3072 numeris
644 3041 748 3074 errorem
770 3029 833 3075 bene
856 3031 991 3088 explicavit
1005 3029 1164 3081 Letronnius.

354 3093 391 3156 (p.
402 3093 448 3158 81)
468 3109 531 3153 quae
551 3098 615 3154 apud
634 3096 740 3144 Plinium
760 3099 802 3158 (2,
817 3099 883 3158 242)
907 3099 997 3160 legitur
1014 3105 1094 3146 terrae
1113 3097 1165 3143 lon-

354 3174 441 3234 gitudo
460 3180 498 3220 est
513 3166 746 3222 ffifflxxvm
764 3178 814 3223 mil.
828 3192 952 3237 passuum,
972 3181 988 3225 i.
1002 3194 1023 3225 e.
1042 3177 1165 3237 octuagies

355 3245 485 3303 quinquies
497 3250 599 3293 centena
612 3247 769 3306 septuaginta
783 3252 840 3294 octo
853 3246 953 3310 (8578).
985 3250 1070 3297 Dicuil
1086 3254 1166 3296 autem

356 3327 468 3362 numeros
486 3328 576 3364 mxv
599 3321 624 3363 et
641 3329 742 3365 mvnr
764 3318 871 3366 interae
891 3319 1079 3380 multiplicavit,
1106 3331 1166 3378 quae
