2354 3998
255 380 312 449 tc,
959 382 984 446 8,
996 383 1116 431 amaea

199 530 201 533 ’
258 532 444 618 Candidum
466 533 595 616 dicitur,
617 537 720 601 altera
742 558 824 619 quae
849 542 900 600 est
922 537 956 601 in
980 533 1064 600 Oiri-
1105 562 1117 605 1

257 639 350 703 nacia
373 639 506 725 regione
529 640 821 722 quamFicoutem
843 649 974 707 vocant.
1104 667 1117 712 s

161 743 188 810 8,
200 747 232 800 13
323 742 448 807 Plinius
479 739 652 808 Secundus
681 751 855 828 postquam
878 744 919 809 ¹in
949 750 1065 826 quarto
1106 769 1119 814 3

256 845 413 913 naturalis
429 846 584 912 historiae
598 847 682 911 libro
699 846 739 911 da
754 844 856 910 Jtalia
876 847 1065 931 scripserat,
1105 875 1119 920 4

257 950 355 1033 paulo
379 959 454 1033 post
476 949 516 1013 de
539 951 645 1015 insula
660 949 794 1016 Corsica
816 949 896 1014 haec
913 950 1063 1034 scripsit:
1106 937 1119 1021 s

256 1052 291 1114 in
310 1051 480 1139 Ligustico
504 1054 585 1118 mari
607 1062 657 1119 ast
677 1051 823 1134 Corsica,
848 1075 947 1136 quam
962 1052 1065 1119 Greci
1107 1078 1120 1122 a

258 1152 392 1219 Cirinon
415 1156 633 1240 appellavere,
662 1156 721 1222 sed
744 1156 854 1222 Tusco
878 1157 1023 1241 propior,
1046 1178 1066 1219 a
1108 1179 1120 1223 7

257 1260 477 1343 septentrione
507 1259 541 1323 in
569 1260 736 1325 meridiem
767 1260 932 1345 proiecta,
967 1259 1066 1346 longa
1107 1287 1121 1332 s

257 1385 413 1448 passuum
437 1384 503 1432 cxx
523 1364 620 1445 milia,
643 1365 710 1429 lata
731 1365 852 1433 maiore
869 1363 1009 1428 circuitu
1025 1376 1066 1426 ex
1108 1396 1120 1436 9

258 1478 351 1552 parte
374 1488 507 1536 cccxxv
531 1468 608 1548 mil.,
637 1467 729 1532 abest
758 1492 778 1532 a
800 1466 891 1531 vadis
915 1464 1066 1530 Volater·
1093 1494 1122 1543 10

257 1571 346 1635 ranis
371 1593 449 1639 exn.
504 1571 652 1636 civitates
680 1570 779 1635 habet
793 1591 898 1638 xxxn
921 1578 955 1633 et
977 1569 1067 1634 eolo·
1093 1601 1120 1644 11

258 1672 339 1739 nias.
896 1720 898 1722 v
1093 1701 1123 1746 12

276 1831 277 1834 ,
325 1776 425 1842 Jdem
448 1787 522 1860 post
543 1798 649 1861 pauca
672 1776 766 1842 dicit:
791 1775 942 1842 Sardinia
958 1777 1066 1842 minus
1096 1809 1123 1853 13

258 1888 333 1944 octo
363 1879 450 1943 milia
483 1902 639 1965 passuum
669 1903 688 1944 a
717 1878 871 1946 Corsicae
901 1881 1065 1945 extremis.
1094 1909 1124 1953 14

257 1982 344 2047 idem
368 1993 442 2066 post
465 2005 583 2066 pauca:
613 1981 763 2048 Sardinia
792 1983 835 2048 ab
863 1984 987 2048 oriente
1004 2008 1067 2068 pa-
1095 2016 1123 2061 15

258 2094 331 2153 tens
366 2107 503 2154 ccxxxii
537 2086 614 2168 mil,
653 2086 694 2151 ab
734 2085 904 2154 occidente
941 2109 1063 2156 cxxxv.
1094 2117 1124 2162 16

298 2399 307 2441 l
329 2395 414 2458 altera]
431 2396 532 2442 alteram
550 2395 627 2442 Solia.
703 2397 745 2442 12
765 2394 897 2457 Cirinaoia]
914 2397 948 2441 ric
967 2395 1066 2452 Walck„

259 2467 379 2517 cirenacia
397 2466 453 2522 PV,
478 2466 595 2513 cirenatia
612 2468 644 2523 D,
669 2465 805 2525 Cyrenaica
823 2467 891 2512 Letr.
912 2481 963 2511 cum
982 2465 1067 2512 Selino

260 2537 274 2581 2
300 2550 371 2594 quam
395 2549 440 2582 om.
464 2535 540 2582 Solio.
590 2536 600 2581 ΙΙ
644 2536 794 2597 Phycuntam
818 2537 885 2582 Letr.
910 2551 962 2582 cum
981 2535 1066 2582 Selino

261 2608 275 2653 3
295 2603 391 2666 quarto]
408 2607 480 2652 tertio
499 2607 566 2651 Lctr.
667 2608 682 2652 4
708 2607 761 2654 itali
782 2607 856 2668 (corr.
878 2607 947 2653 italia
966 2605 997 2667 P)
1017 2608 1070 2653 ΒΡ

261 2677 275 2721 6
295 2677 320 2722 in
333 2676 484 2735 Ligustico·
497 2678 527 2722 la
548 2676 670 2739 colonias]
688 2677 750 2723 Plio.
762 2677 786 2735 3,
799 2678 831 2723 80
906 2679 920 2723 7
950 2675 1068 2740 Girinou]

260 2744 359 2807 Cyrnon
382 2748 449 2792 Latr.
469 2762 520 2794 eam
538 2747 617 2793 Plinio
653 2748 663 2794 Η
697 2750 809 2808 proprior
831 2749 882 2794 ΒΡ
971 2747 1069 2811 9cux]

260 2830 293 2864 cn
310 2817 374 2863 Plio.
408 2817 418 2862 ΙΙ
448 2817 527 2880 milia]
543 2821 577 2864 sic
596 2817 694 2874 Walox,
729 2817 900 2874 minianen,
931 2834 976 2864 om.
995 2818 1066 2864 codd.

261 2888 275 2933 9
304 2890 343 2934 10·
363 2889 454 2935 maiore
486 2891 588 2936 circuitu
612 2905 644 2937 ex
671 2887 755 2950 parte]
782 2890 874 2936 maiore
902 2903 934 2937 ex
957 2895 1026 2948 parte
1052 2903 1068 2935 1.

260 2959 362 3006 circuitu
380 2961 446 3005 Lacr.
466 2974 518 3005 cum
529 2959 609 3008 Plinio
666 2962 697 3006 10
717 2959 920 3006 mi1.om.codd.
959 2961 990 3006 13
1012 2959 1069 3006 Sar·

260 3029 353 3075 dinia-
368 3031 398 3075 14
417 3028 546 3091 extremis]
564 3030 627 3076 Plio.
642 3030 672 3086 3,
692 3031 725 3076 83
856 3031 888 3075 14
916 3028 1000 3091 milia]
1022 3031 1069 3076 mi·

258 3099 325 3146 libus
345 3101 410 3146 Lctr.
430 3114 481 3145 cum
499 3099 578 3146 Plinio
637 3101 667 3146 15
697 3100 916 3159 Sardinia-71,2
937 3099 980 3162 cc]
1002 3100 1069 3147 Plio.

259 3169 284 3227 3,
299 3171 331 3216 84
380 3173 411 3218 16
431 3169 781 3233 cnxxxu10nxxxvn1Plin.
800 3169 810 3215 ΙΙ
823 3176 881 3230 port
899 3183 985 3217 ccxxv
1004 3171 1072 3230 apud

258 3241 363 3288 Plinium
383 3241 485 3304 legitur:
509 3258 524 3288 a
541 3243 641 3289 meridie
661 3255 750 3289 cxxvu
768 3241 844 3299 milia,
869 3255 885 3288 a
902 3243 1070 3302 septentrione

260 3324 330 3358 cxxv
